2546 4042
474 247 690 311 ..37-

69 408 157 472 διότι
192 405 254 471 οὐκ
285 403 431 490 ἠθέλησε
462 410 671 492 χωρισθῆναι
703 415 771 470 τῶν
801 404 956 489 ἀδελφῶν
989 403 1090 488 αὐτῆς

65 524 135 579 τῶν
160 511 194 590 ἓξ
223 513 270 588 είς
299 513 358 577 τὸν
389 511 545 598 οὐρανόν.
590 513 732 598 ὕστερον
761 508 798 577 δέ
825 511 938 594 ἐπειδὴ
962 513 1089 596 ἔμαθεν

67 620 158 705 παρά
182 627 244 684 τοῦ
262 619 347 695 Διὸς
369 618 390 702 ἡ
411 615 583 704 Ἠλέκτρα,
606 619 657 683 ὅτι
680 618 700 702 ἡ
724 621 819 695 πόλις
841 627 899 702 τῆς
921 617 1089 702 Τρωάδος,

68 727 139 810 ἥτις
165 725 302 808 ἐκτίσθη
326 724 392 789 ὑπὸ
416 736 483 790 τῶν
507 725 684 810 ἀπογόνων
713 724 813 810 αὐτῆς
835 733 893 808 τῆς
911 721 1089 806 Ἠλέκτρας

66 833 186 909 καθὼς
216 829 379 916 μέλλομεν
410 833 515 896 εἰπεῖν
542 832 814 917 καρακατιόυτες,
847 828 957 917 μέλλει
989 835 1088 915 χαλα-

69 945 196 1023 σθῆναι
229 935 284 1004 καλ
317 939 623 1022 αίχμαλωτισθῆναι
655 937 721 1003 ὑπὸ
755 939 876 1002 στόλου
913 936 1089 1021 ἕλληνικοῦ

71 1046 126 1110 διά
152 1045 215 1128 τὴν
235 1041 371 1128 Ἑλένην
395 1052 456 1110 τοῦ
478 1044 668 1128 Μενελάου,
692 1044 816 1129 ἵναμὴ
840 1045 896 1130 ίδη
918 1045 955 1110 τὸ
979 1044 1089 1121 πάθος

69 1160 169 1216 τοῦτο
200 1149 264 1215 ἀπὸ
287 1159 349 1215 τοῦ
371 1154 476 1216 τόκου
503 1160 564 1216 τοῦ
587 1151 720 1235 ὑψηλοῦ
746 1160 808 1216 τοῦ
831 1151 980 1236 οὐρανοῦ
1003 1153 1089 1215 ἔνθα

71 1257 184 1323 ἵστατο
208 1257 289 1341 μετά
310 1266 378 1321 τῶν
404 1256 561 1341 ἀδελφῶν
584 1258 696 1341 αὐτῆς,
720 1256 848 1341 ἀφῆκεν
867 1257 925 1333 τάς
943 1256 1089 1340 ἀδελφάς
1108 1274 1124 1322 9

69 1364 172 1447 αὐτῆς
207 1361 262 1429 καὶ
299 1366 411 1448 ἔφυγε.
461 1362 643 1448 ὑπέμειναν
680 1372 764 1446 γοῦν
801 1364 838 1429 αλ
871 1362 1013 1442 ἓξμϊα
1002 1372 1028 1420 ἰ’
1029 1372 1084 1420 τὸ
1109 1378 1143 1419 λα

69 1467 213 1554 ἀδελφαὶ
245 1466 300 1536 καὶ
332 1466 493 1554 μένουσιν
522 1471 570 1548 είς
595 1472 656 1535 τὸν
683 1470 830 1556 οὐρανὸν
858 1472 905 1548 είς
927 1445 1025 1504 νόμων
1054 1445 1108 1497 ἑξὰσ
1123 1464 1143 1491 “

889 1495 1143 1582 ρονῆιιαπολυλία

68 1579 128 1642 τὸν
152 1573 303 1641 τότον“
285 1600 326 1642 ον
354 1575 520 1660 ἐτέθησαν
547 1575 580 1655 ἐξ
604 1577 706 1663 ἀρχῆς
732 1580 822 1662 καρά
843 1586 950 1642 τοῦ
926 1588 1015 1674 λξιααιι
1029 1591 1055 1633 αἱ
1029 1593 1143 1645 ausur-

68 1686 170 1766 Διός,
204 1680 326 1760 αιτινές
354 1685 419 1748 είσι
442 1684 479 1747 τὸ
507 1686 690 1769 λεγόμενον
718 1682 903 1769 ἕξάστερον,
927 1658 1143 1845 ζξὲςῖζσιῖξῖζ

69 1789 153 1875 ὅπερ
183 1787 311 1872 λέγεται
343 1786 398 1854 καί
429 1787 618 1873 πελειάς,
609 1790 626 1856 δ
659 1787 714 1855 καὶ
746 1793 978 1876 βαρβαρι-
979 1799 1104 1858 αἰαανθ

70 1899 182 1974 ζοντες
211 1896 246 1961 ολ
270 1893 379 1961 κοινοὶ
412 1897 590 1981 ἀνθρωττοι
618 1895 753 1980 λέγουσι
785 1899 937 1962 κουλίαν.
983 1893 1038 1961 καὶ
1070 1895 1088 1962 δ

69 1999 131 2087 μὲν
154 2000 231 2087 περὶ
258 2012 326 2068 τῶν
354 2002 526 2088 Πληάδυν
552 2013 620 2068 τῶν
650 2003 807 2088 ἀδελφῶν
833 2011 891 2087 τῆς
910 1999 1089 2088 Ἠλέκτρας

68 2110 180 2192 μῦθός
204 2107 294 2173 ἐστιν
318 2103 427 2191 οὗτος,
452 2107 550 2192 ἐτέθη
575 2106 612 2174 δέ
631 2110 687 2174 διά
705 2109 883 2194 εὐθυμίαν
910 2108 1087 2195 ἐπανερχό-
1108 2125 1141 2173 17

68 2221 159 2298 μεθα
183 2211 220 2279 δέ
243 2216 331 2299 ὅμως
354 2217 401 2292 είς
423 2215 486 2299 την
464 2217 667 2301 νίστορίαν.
695 2211 800 2283 ὁοῦν
820 2219 904 2293 Ζεὺς
926 2226 974 2286 ις’
1007 2243 1074 2286 τινα
1034 2229 1142 2285 ααααίιί

69 2321 114 2398 ὡς
146 2324 356 2406 προείπομεν
381 2320 488 2406 μιγεὶς
523 2324 604 2407 μετά
640 2347 698 2407 της
726 2321 904 2409 Ἠλέκτρας
940 2302 1127 2416 {0⁰¹}de
1041 2297 1128 2362 ⁹⁶⁰⁰⁰

66 2437 125 2512 της
157 2429 327 2514 θυγατρὸς
358 2437 419 2493 τοῦ
442 2427 622 2506 ’Ἀτλαντος
648 2438 710 2494 τοῦ
741 2428 903 2513 βασιλέως
992 2457 1022 2486 αα
1055 2443 1065 2455 ”

67 2559 127 2618 της
155 2528 329 2617 Ἀρκαδίας
356 2541 459 2622 γεννᾷ
483 2533 516 2614 ἐξ
545 2535 645 2619 αὐτης
669 2536 730 2601 δύο
754 2537 865 2618 υίούς,
893 2537 952 2600 τὸν
970 2533 1088 2599 Ἴασον

69 2638 125 2705 καὶ
146 2641 208 2705 τὸν
226 2639 417 2723 Δάρδανον.
464 2640 481 2706 δ
501 2650 585 2725 γοῦν
598 2639 710 2720 Ἴασος
733 2641 794 2706 οὐκ
818 2643 915 2726 ἔλαβε
932 2651 1086 2723 γυναῖκα,

69 2744 140 2812 ἀλλ’
175 2745 269 2830 ἐτίμα
296 2743 352 2810 καὶ
380 2744 540 2831 ἐφύλαττε
567 2748 628 2831 τὴν
656 2749 862 2831 παρθενίαν,
893 2742 972 2814 ὁδὶ
995 2745 1087 2831 Δάρ-

69 2855 173 2929 δανος
192 2854 288 2937 ἔλαβε
305 2863 448 2935 γυναῖκα
466 2851 637 2939 θυγατέρα
657 2853 732 2930 ἑνὸς
754 2854 915 2938 ἄρχοντος
933 2853 1087 2919 Πάλλαν-

67 2983 124 3036 τος
153 2956 336 3042 λεγομένου
365 2958 504 3044 ὀνόματι
531 2960 678 3045 Χρύσην.
725 2959 761 3025 ἐκ
790 2961 911 3045 ταύτης
941 2953 1003 3025 οὖν
1030 2970 1088 3044 τῆς

68 3066 206 3151 Χρύσης
228 3072 331 3151 γεννᾷ
355 3064 373 3129 δ
396 3065 576 3150 Δάρδανος
600 3066 662 3131 δύο
685 3066 791 3146 υίοάς,
815 3068 876 3132 τὸν
894 3065 1019 3132 Ἰδαῖον
1033 3064 1088 3131 καί

67 3174 128 3238 τὸν
152 3173 331 3255 Δείμαντα.
373 3170 523 3250 δ”Ιασος
544 3181 630 3255 γοῦν
652 3171 706 3238 καὶ
730 3171 748 3236 δ
774 3172 953 3258 Δάρδανος
974 3171 1030 3237 καὶ
1055 3172 1091 3236 ολ

69 3280 131 3345 δύο
165 3275 308 3362 ἀδελφοὶ
340 3277 358 3343 ὁ
395 3275 515 3357 Ἰδαῖος
551 3276 606 3344 καὶ
639 3279 657 3344 ὁ
690 3280 817 3362 Δείμας
849 3280 885 3344 οί
917 3275 986 3344 υίοδ
1026 3286 1087 3343 τοῦ

68 3385 256 3471 Δαρδάνου
289 3384 521 3463 ἀποθανόντος
547 3394 609 3451 τοῦ
627 3384 808 3462 ’Ἁτλαντος
835 3394 895 3451 τοῦ
925 3382 1088 3468 βασιλέως

141 3541 318 3614 ὅμέλλωμεν
337 3542 401 3597 Vat
492 3542 547 3612 με’.
566 3541 615 3597 καλ
633 3559 685 3613 pro
704 3539 817 3596 afflat
908 3549 941 3598 22
962 3537 1013 3596 οὖν
1035 3557 1086 3610 pro

67 3623 138 3686 γονν
157 3617 191 3672 V.
265 3619 300 3668 24
318 3612 460 3677 πάλαντος
478 3614 558 3670 οοδδ.
631 3619 665 3668 28
684 3611 775 3700 δήμοις
794 3614 875 3669 codd.
