2558 4036
477 221 692 284 -49-

70 372 173 453 οὗτος
192 373 233 442 δέ
243 377 481 454 έστιθεὸςτοῦ
498 380 612 462 πυρός.
634 378 776 464 ὕστερον
795 375 832 442 δὲ
847 376 905 462 ἀφ’
927 387 1038 505 Ἥεσο
1025 382 1120 442 νόοιο

71 479 115 548 οὗ
140 481 296 567 ἐξέβαλεν
320 482 338 549 6
363 487 447 561 Ζεὺς
473 485 533 550 τὸν
556 483 677 550 ἑαυτοῦ
704 481 828 569 πατέρα
851 486 909 550 τὸν
927 459 1019 546 ⁰³⁹⁰
982 464 1149 618 ΝᾙΝᾹΝῩ

71 593 215 674 Κρόνον
238 589 302 655 ἀπὸ
325 599 383 675 της
406 589 508 677 ἀρχῆς
530 589 585 656 καὶ
609 590 789 676 έδέσμησεν
807 591 911 657 αὐτὸν
945 547 1001 647 ⁹3⁰
1003 602 1068 648 νικὰλ
1053 619 1114 656 avo-c

72 696 132 762 καὶ
151 696 340 783 ἔρριψενί
309 720 324 762 ε
339 721 356 774 ς
373 720 433 762 τον
455 698 638 784 Τάρταρον,
657 699 866 782 διεμερίσατο
884 698 947 782 τὴν
964 695 1093 763 ἐκείνου

74 804 253 934 βρισιλείαν
284 804 365 887 μετά
400 813 469 869 τῶν
503 803 668 888 ἀδελφῶν.
720 802 775 868 καὶ
812 803 948 881 αὐτὸςέ
949 813 976 872 ν’·
970 829 1057 932 ιὲνρισ
1034 813 1136 872 αι’μὸι
1108 829 1149 874 ιι

75 907 139 995 μὲν
168 909 214 987 ὡς
239 911 449 996 πρωτότοκος
476 913 573 994 ἔλαβε
599 911 659 976 τὸν
687 909 834 992 οὐρανὸν
856 909 912 975 καὶ
935 889 1090 1020 Imm
1034 888 1149 1002 “²2⁶‘ss

75 1018 138 1082 τὸν
167 1013 289 1100 αάθέρα
315 1017 423 1100 ἤγουν
450 1018 510 1082 τὸν
539 1019 644 1082 τόπον
670 1026 738 1082 τῶν
766 1015 913 1101 ἀστέρων
963 1031 1018 1074 υἱῶν
1036 971 1149 1074 αὐτοθω

75 1118 133 1187 καὶ
162 1122 223 1186 τὸν
250 1120 331 1205 ἀέρα
358 1121 454 1207 μέχρι
480 1130 539 1206 τῆς
565 1124 673 1201 ὄψεως
700 1131 757 1206 τῆς
778 1131 848 1206 γῆς.
895 1122 912 1188 6
942 1117 978 1187 δέ
1002 1121 1097 1187 ἀδελ-

77 1229 144 1312 φὸς
169 1226 275 1292 αὐτοῦ
297 1228 315 1294 6
340 1228 494 1322 δεύτερος
513 1227 531 1294 6
550 1230 761 1294 Ποσειδῶνέ
746 1231 842 1312 ἔλαβε
861 1229 898 1293 τὸ
918 1230 1097 1313 πρόσωπον
1116 1245 1131 1294 9

76 1344 137 1419 τῆς
170 1342 231 1419 γῆς
261 1331 317 1398 καὶ
350 1342 461 1400 πᾶσαν
495 1335 558 1418 τὴν
592 1335 776 1401 θάλασσαν.
827 1335 844 1401 6
878 1331 915 1400 66
938 1377 979 1433 ξφ
993 1378 1051 1426 ΝΝ
1037 1380 1154 1498 ΝΝΝΝ

69 1439 192 1523 Ἅιδης
207 1440 297 1517 ὅστις
315 1439 508 1525 ὀνομάζεται
525 1438 582 1505 καὶ
595 1440 717 1526 Χάρων
735 1439 790 1507 καὶ
805 1441 916 1507 Πλοό-
973 1451 1085 1498 Πλούτου

78 1570 149 1612 των
173 1547 261 1611 διότι
283 1544 334 1612 ἀεὶ
357 1547 517 1631 λαμβάνει
541 1545 597 1613 καὶ
618 1545 778 1613 οὐδέποτε
798 1548 917 1613 δίδωσι
1001 1521 1089 1580 Ἅιδῃ

82 1690 122 1700 -
148 1660 249 1717 τοῦτο
272 1652 335 1737 γάρ
359 1651 481 1719 ἐστι
450 1676 488 1718 το
512 1658 669 1719 πλουτεῖν
692 1654 730 1718 τὸ
753 1653 894 1719 πάντοτε
917 1654 1100 1737 λαμβάνειν

79 1755 138 1824 καὶ
177 1755 341 1842 μηδέποτε
373 1759 506 1824 διδόναι
544 1796 583 1806 -
618 1761 736 1842 ἔλαβεν
770 1760 817 1836 εἰς
853 1762 1026 1843 βασιλείαν
1062 1760 1102 1825 τά

80 1863 240 1929 ὑποκάτω
263 1873 321 1948 τῆς
343 1872 403 1948 γῆς
425 1862 481 1930 καὶ
505 1874 562 1950 τῆς
584 1864 766 1948 θαλάσσης,
790 1863 811 1929 6
830 1863 885 1930 καὶ
913 1864 1102 1950 ὑποχθόνια

80 1969 138 2036 καὶ
161 1972 368 2054 καταχθόνια
387 1969 549 2053 λέγονται.
584 1972 646 2056 την
669 1967 707 2035 δὲ
722 1968 832 2055 Ἥραν
850 1972 912 2055 την
930 1969 1103 2056 ἐρωμένην

80 2075 139 2142 καὶ
162 2075 378 2160 ἠγαπημένην
401 2077 505 2142 αὐτοῦ
529 2077 547 2144 6
568 2079 652 2154 Ζεὺς
674 2078 771 2160 ἔλαβε
788 2084 947 2163 καθαρῶς
966 2075 1022 2143 καὶ
1041 2103 1103 2163 φα-

84 2192 193 2268 νερῶς
225 2182 272 2259 εἰς
302 2192 460 2266 γυναῖκα,
495 2182 608 2268 ἐπειδὴ
636 2182 738 2250 πλέον
767 2184 829 2250 οὐκ
858 2184 1012 2268 ἐφοβεῖτο
1044 2186 1104 2250 τὸν

82 2287 210 2374 πατέρα
239 2288 351 2354 αὐτοῦ.
401 2289 422 2372 6
451 2285 488 2354 δὲ
513 2288 624 2355 Ἑστία
650 2288 705 2356 καὶ
737 2291 758 2374 6
787 2293 949 2375 Δημήτηρ
978 2290 1015 2354 αλ
1041 2290 1103 2355 δύο

83 2392 230 2478 ἀδελφαὶ
253 2396 522 2480 κατελείφθησαν
549 2395 814 2524 ἀκληρονόμητοι
843 2395 898 2461 καὶ
922 2396 1103 2482 ἀπόκληροι
1122 2410 1156 2460 20

83 2510 145 2584 τῆς
175 2503 343 2584 βασιλείας
374 2511 434 2567 τοῦ
467 2502 592 2588 πατρὸς
624 2501 744 2567 αὐτῶν.
800 2502 888 2585 ὅμως
920 2501 1106 2587 ὑπάρχουσι

62 2605 142 2696 ,καὶ
175 2601 273 2671 αὗται
303 2610 386 2673 θεαί
389 2607 549 2692 ,ἐπειδή
587 2608 674 2673 εἰσιν
706 2607 769 2672 ἀπὸ
801 2616 862 2672 τοῦ
894 2606 1014 2690 γένους
1045 2616 1106 2672 τοῦ

84 2721 207 2778 θεϊκοῦ
236 2711 291 2778 καὶ
323 2715 436 2798 έχουσι
469 2713 628 2798 δυνάμεις
658 2712 714 2779 καὶ
753 2711 921 2799 ἐνεργείας
952 2712 1103 2797 μεγάλας.

85 2820 106 2903 6
142 2816 205 2903 μὲν
184 2814 347 2885 νΕστία
380 2822 447 2904 ἔχει
479 2820 626 2904 δύναμιν
657 2819 837 2904 φυλάττειν
868 2816 977 2900 καὶξς
979 2851 1046 2900 6
1066 2850 1127 2894 gam
1115 2865 1162 2905 η

84 2924 224 2990 σκέπειν
246 2926 304 3002 τδις
325 2928 438 3003 πόλεις
459 2923 515 2991 καὶ
537 2928 617 3004 τοὺς
640 2932 753 3004 οἴκους
774 2936 842 2992 τῶν
865 2926 973 2992 ἀνι-Β
945 2843 1003 2966 6666
975 2935 1042 3034 ΒΒΒΕΒΒ
1052 2921 1162 2976 666‘66

87 3032 250 3115 θρώπων.
283 3032 339 3096 διά
356 3040 455 3097 τοῦτο
475 3031 511 3097 ολ
530 3031 712 3098 παλαιοὶ’
694 3056 774 3099 οταν
797 3035 923 3112 ἔκτιζον
945 2989 1046 3120 663⁹
1020 3063 1067 3106 ,ι
1047 2990 1161 3119 τέςςεξςὶ

85 3140 206 3221 πόλιν,
238 3138 298 3202 τὸν
329 3147 463 3222 πρῶτον
493 3140 577 3204 ναὸν
604 3140 689 3223 παρὸ
717 3149 785 3204 τῶν
815 3140 926 3203 ἀλλων
1001 3133 1131 3194 6666‘606·

86 3250 184 3308 θεῶν
217 3245 342 3321 ἔκτιζον
378 3253 436 3327 τῆς
467 3240 594 3321 Ἑστίας
625 3246 673 3321 εἰς
705 3244 859 3328 φυλακην
891 3237 946 3308 καὶ
984 3239 1107 3325 σκέπην

86 3357 149 3434 της
171 3351 298 3426 πόλεως
320 3347 376 3414 καὶ
400 3348 585 3434 ἐφύλαττον
609 3349 645 3416 ἐν
668 3349 757 3439 αὐτῷ
781 3358 847 3433 πῦρ
871 3350 1034 3432 ἀσβεστον
1057 3346 1104 3413 δι’

165 3573 368 3649 ξβ.”Ηφεστος
386 3577 465 3634 codd.
536 3584 567 3633 15
586 3576 730 3634 ὑπδκάτοο
746 3577 777 3632 V.
841 3583 874 3633 21
895 3576 968 3648 ὅμως
982 3576 1063 3633 deest
1076 3577 1111 3637 V.

144 3674 181 3715 10.
195 3675 370 3730 Κιεεεοντιιε,
384 3677 419 3718 ed.
433 3677 584 3720 Lohnerdt.
881 3673 898 3721 4

1242 3617 1262 3766 λ
