2558 4036
499 179 718 245 „55-

93 339 303 425 ἀνθρώπους
327 337 542 416 ἑπτακοσίους
564 336 619 404 καὶ
643 335 711 425 μετ’
738 339 849 405 αὐτῶν
870 343 931 406 τὸν
954 347 1157 405 ξυιοιιοικιυσι

95 443 278 512 Μενέλαον
300 447 360 511 τὸν
383 447 491 527 ἀνδρα
513 453 571 530 τῆς
590 442 731 528 Ἑλένης.
776 444 872 512 αὐτοὶ
895 443 932 512 δὲ
969 417 1158 557 amer?

91 553 135 618 οἵ
157 551 316 637 Ἕλληνες
348 553 509 636 είσίχλθον
541 553 588 628 είς
619 553 659 617 τά
691 557 791 617 πλοῖα
823 552 934 618 αὐτῶν
1004 565 1114 626 “mma

93 657 155 725 καὶ
191 658 322 739 ἔδειξαν
355 659 406 724 ἵτι
439 659 625 742 φεύγουσιν
657 655 713 724 καὶ
747 657 946 744 ἀπέρχονται
977 661 1025 737 είς
1056 662 1117 726 τὸν

93 768 204 831 τόπον
227 765 351 832 αὐτῶν·
376 765 498 831 ἐκείνοι
522 761 559 830 δὲ
582 764 736 849 ἀπῆλθον
754 763 809 830 καὶ
828 767 969 848 ἔστησαν
988 768 1036 844 είς
1054 767 1116 850 τὴν

99 870 249 938 Τένεδον
276 873 337 956 τὴν
359 881 474 954 νῆσον.
524 869 579 937 καὶ
608 872 644 936 οἵ
671 874 781 957 Τρῶες
810 870 987 959 ἐχάρησαν·
1025 871 1116 956 ἐξῆλ-

92 984 166 1043 θον
189 987 275 1062 γοῦν
297 975 353 1044 καὶ
376 973 469 1044 εἶδον
491 978 550 1042 τὸν
574 977 676 1042 ἵππου
699 979 758 1043 τὸν
782 978 917 1059 ξύλινον
939 977 995 1044 καὶ
1014 978 1116 1045 ἐθαύ-

94 1102 209 1168 μασαν
236 1083 291 1150 καὶ
318 1083 522 1169 ἐφοβοῦντο,
555 1085 679 1168 μήποτε
707 1086 758 1149 ἐνι
789 1087 919 1162 τίποτες
946 1085 1115 1170 ἐπιβουλή.

93 1190 189 1274 ὅμως
217 1190 370 1282 ἐνίκησεν
397 1190 418 1273 η
449 1190 554 1274 βουλὴ
581 1198 642 1255 τοῦ
667 1197 769 1272 θεοῦ,
801 1191 873 1274 ἥτις
899 1192 1033 1256 σαλεύει
1055 1193 1116 1258 τὸν

93 1297 260 1380 λογισμὸν
291 1306 358 1361 τῶν
390 1295 595 1381 ἀνθρώπων,
633 1295 713 1361 όταν
750 1293 834 1382 θέλη
872 1296 928 1361 ἵνα
964 1296 1112 1384 ἀφανίση
1134 1317 1168 1365 10

94 1402 233 1486 αὐτούς,
256 1401 311 1468 καὶ
330 1400 519 1486 ἐκλέγονται
537 1402 598 1485 τὴν
617 1404 752 1487 χείρονα
765 1403 893 1486 βουλὴν
912 1404 982 1488 ἥτις
1001 1403 1115 1482 ἔδοξεν

93 1510 213 1586 αὐτοῖς
235 1511 308 1575 τότε
331 1510 382 1574 ὅτι
410 1506 501 1575 ἐστὶν
524 1507 640 1594 ἀρίστη
663 1505 719 1574 καὶ
742 1512 893 1593 βελτίστη
917 1512 1034 1594 βουλή,
1058 1512 1115 1575 ἵνα

92 1617 267 1700 βάλλωσιν
298 1617 358 1681 τὸν
394 1616 496 1682 ἵππον
530 1615 659 1681 ἐκείνου
691 1615 784 1692 ἐντὸς
819 1625 877 1700 τῆς
908 1619 1036 1694 πόλεως
1068 1619 1115 1695 είς

92 1724 251 1807 καύχημά
277 1719 332 1787 καὶ
359 1723 407 1798 είς
433 1723 567 1806 μνήμην
594 1721 645 1787 ὄτι
672 1716 781 1805 ηλθόν
809 1743 888 1787 ποτε
907 1720 943 1787 οἵ
954 1719 1114 1807 Ἕλληνες

93 1832 142 1906 εἰς
166 1830 230 1913 τὴν
257 1828 397 1915 Τρωάδα
424 1825 479 1892 καὶ
507 1825 714 1912 ἐπολέμησαν
738 1826 842 1911 αὐτὴν
871 1825 947 1892 δέκα
970 1831 1114 1914 χρόνους

90 1935 150 2002 καὶ
182 1934 388 2021 ἀνέστρεψαν
415 1936 576 2016 άπρακτοι
606 1931 661 1998 καὶ
685 1933 817 2018 ἀφῆκαν
844 1932 982 2000 καὶτὸν
1010 1925 1130 2000 ἵππον

90 2044 154 2109 τὸν
189 2041 325 2120 ξύλινον
357 2039 486 2106 ἐκεῖνον
518 2041 628 2126 ὥσπερ
662 2041 773 2126 δῶρον
804 2048 844 2125 τῇ
869 2036 1012 2127 Ἀθηνᾷ,
1043 2041 1114 2124 η’τις

91 2148 261 2234 ἐρρύσατο
283 2147 406 2224 αὐτοὺς
435 2145 498 2211 ἀπὸ
526 2155 587 2212 τοῦ
615 2148 783 2229 θανάτου,
816 2144 871 2211 καὶ
902 2145 1114 2230 ὑπέστρεψαν

91 2257 144 2333 είς,
165 2257 227 2320 τὸν
250 2249 344 2320 οἷκον
368 2253 488 2318 αὐτῶν.
534 2249 604 2318 ἐπεὶ
626 2261 711 2336 γοῦν
730 2252 748 2317 δ
771 2253 871 2330 ἵππος
889 2254 945 2318 διά
962 2255 1000 2318 τὸ
1020 2250 1114 2336 μέγε-

90 2370 160 2440 θος
184 2356 286 2426 οὐδὲν
309 2359 425 2444 ἐχώρει
443 2361 609 2425 εἰσελθεῖν
628 2360 684 2424 διδ
701 2367 759 2444 τῆς
775 2359 882 2444 πύλης
898 2367 958 2442 τῆς
975 2363 1114 2446 πόλεως,
1132 2377 1167 2428 20

91 2474 244 2554 χαλῶσιν
275 2467 312 2531 τὸ
344 2475 451 2550 τεῖχος
482 2462 538 2530 καὶ
570 2465 762 2548 εἰσάγουσιν
795 2464 897 2530 αὐτὸν
929 2467 1030 2533 ἐνδου
1056 2476 1114 2551 τῆς

92 2578 233 2650 πόλεως.
278 2566 348 2637 εἶτα
381 2571 541 2655 ἐποίησαν
572 2573 699 2636 θυσίαν
735 2572 782 2647 είς
813 2573 892 2648 τούς
922 2574 1026 2649 θεοὺς
1057 2571 1114 2638 καλ

90 2679 240 2765 η’ρξαντο
268 2677 397 2744 ἐσθίειν
429 2674 485 2743 καὶ
511 2678 621 2743 πίνειν
651 2674 746 2762 μέχρι
772 2681 908 2744 πολλοῦ.
953 2676 1008 2743 καὶ
1032 2679 1113 2762 μετά

90 2795 199 2852 ταῦτα
228 2785 346 2849 ἔπεσον
374 2785 422 2860 είς
447 2783 557 2848 ύπνον
584 2784 698 2866 βαθὺν
732 2782 797 2848 ὑπὸ
829 2793 887 2868 τῆς
918 2783 1113 2872 ἀμεριμνίας

90 2891 149 2959 καλ
186 2899 245 2975 τῆς
276 2898 379 2975 χαράς
410 2887 466 2956 καὶ
496 2897 554 2973 τῆς
586 2887 692 2974 μέθης
718 2887 774 2955 καὶ
802 2899 870 2955 τῶν
900 2894 1013 2958 κόπων
1044 2902 1112 2957 τῶν

91 2998 329 3082 πολυχρονίου
353 2994 499 3061 ἐκείνων.
545 2995 581 3060 οἵ
602 2993 639 3060 δὲ
663 2995 851 3062 ἑπτακόσιοι
872 2998 992 3080 ἀνδρες
1014 2995 1112 3064 καὶὸ

91 3101 271 3178 Μενέλαος
289 3099 481 3180 ἐξελθόντες
503 3111 655 3188 κρυπτῶς
678 3100 844 3186 ἀνέβησαν
863 3105 910 3180 είς
928 3106 1006 3180 τοὺς
1028 3104 1112 3189 πύρ-

90 3234 177 3294 γους
213 3206 268 3273 καὶ
305 3203 407 3294 εὖρον
443 3207 566 3284 αὐτοὺς
606 3207 818 3292 ἀφυλάκτους
854 3207 909 3273 καὶ
950 3209 1111 3293 ἐποίησαν

89 3317 306 3402 φρυκτωρίας
328 3312 382 3379 καὶ
405 3315 554 3401 πυρσούς
571 3314 679 3397 ἤγουν
697 3316 827 3398 φανούς
845 3316 892 3391 είς
909 3315 969 3380 τὸν
987 3318 1110 3381 στόλον

171 3549 214 3600 15.
231 3548 264 3598 16
274 3541 363 3612 αὐτὴν
376 3575 404 3582 -
417 3539 595 3612 ἀνέστρεψαν
606 3559 658 3596 om.
669 3540 797 3612 intexta,
808 3542 894 3598 πότοι.
905 3543 935 3598 in
944 3559 1032 3614 marg.
1044 3544 1110 3602 Vat.
