2558 4036
589 217 806 282 ..62-

189 385 339 461 τρωικῶν
369 387 437 442 τῶν
465 373 702 462 κεκρυμμένων
730 369 823 441 είδον
850 373 905 440 καὶ
936 376 999 460 ἐγὼ
1027 375 1082 442 καί
1108 379 1218 445 άλλοι

188 479 307 547 πολλοὶ
339 485 386 560 είς
421 485 499 560 τοὺς
535 485 697 560 παλαιοὺς
730 481 787 548 καὶ
819 481 978 568 ἀρχαίους
1014 487 1118 562 ναοὺς
1153 480 1218 571 τῆς

184 583 316 673 Ῥάμης.
361 587 417 655 καὶ
440 592 487 666 είς
510 589 608 666 ὅλους
632 587 718 654 εἰσὶν
741 591 788 666 είς
806 599 915 674 σχῆμα
934 591 996 655 δύο
1020 593 1216 658 νεανίσκων

188 695 295 778 ἤγουν
317 707 384 761 τῶν
414 697 586 772 ἰδιωτικῶς
613 693 803 780 λεγομένων
831 699 1039 780 παλικαρίων
1066 696 1216 783 ἐσχημα-

189 800 339 886 τισμένοι
369 803 479 888 ὥσπερ
512 813 717 887 στρατιῶται.
767 800 823 867 καλ
855 803 937 887 άπερ
975 799 1037 887 μὲν
1075 805 1214 890 εἴδομεν

135 974 185 1018 na'
200 974 349 1018 ww
372 907 436 974 είσὶ
458 918 574 974 ταῦτα·
597 910 634 974 τὸ
659 907 695 974 δὲ
718 909 861 994 γράφειν
884 905 969 995 ὑπερ
988 910 1100 976 αὐτῶν
1120 912 1214 976 ίστο-

136 1061 173 1105 000
174 1041 245 1096 0000
230 1046 348 1108 00,000000
371 1017 448 1100 ρίαν
477 1014 657 1098 ἢάκούειν
680 1016 783 1081 άλλον
811 1013 969 1098 λέγοντος
995 1015 1073 1103 περὶ
1096 1019 1214 1083 αὐτῶν

163 1113 323 1174 '⁰⁶³⁷00‘W
373 1117 475 1187 οὐδὲν
512 1122 701 1206 δυνάμεθα,
739 1122 822 1187 άλλά
854 1122 1035 1207 ὀφείλομεν
1072 1123 1214 1190 ἀκούειν

136 1183 354 1321 1020663666
375 1226 431 1293 καὶ
463 1227 605 1314 γράφειν
636 1223 720 1312 ὑπερ
751 1238 819 1293 τῶν
855 1234 947 1293 θεῶν
978 1231 1111 1295 τούτων
1142 1243 1215 1296 τῶν

162 1329 231 1372 ²⁰
185 1343 231 1383 μθ
223 1326 297 1414 ,⁸⁹04
299 1344 324 1388 λς
371 1344 521 1418 τρωικῶν
536 1334 632 1399 άτινα
649 1335 772 1419 γράφει
787 1333 804 1400 6
820 1337 1069 1421 Καλλίστρατος
1084 1335 1138 1402 6
1121 1353 1214 1403 ιστο-

202 1397 259 1456 mm
261 1415 280 1444 θ’
373 1440 509 1525 ρικός,’
498 1441 588 1516 όστις
606 1442 750 1526 ἔγραψεν
774 1442 866 1506 ίδίαν
884 1440 939 1506 καὶ
959 1442 1213 1528 κεχωρισμένην

140 1563 172 1610 12
194 1545 343 1626 ἱστορίαν
362 1544 438 1631 περὶ
458 1554 515 1630 τῆς
533 1548 641 1631 νήσου
658 1556 717 1631 τῆς
736 1544 964 1634 Σαμοθρηίκης
982 1552 1099 1633 μόνης,
1122 1551 1213 1615 ἔνθα

191 1654 353 1736 διηγεῖται
385 1649 440 1718 καὶ
472 1651 548 1737 περὶ
579 1664 646 1718 τῶν
677 1658 769 1718 θεῶν
800 1655 938 1719 τούτων.
989 1654 1054 1721 ἀπὸ
1086 1659 1213 1740 ταύτης

190 1760 254 1844 γάρ
273 1768 330 1844 τῆς
348 1760 456 1843 νήσου
470 1759 657 1843 έξηλθοσαν
676 1758 732 1825 καὶ
746 1759 900 1844 ἀπῆλθον
919 1761 966 1838 είς
985 1761 1048 1844 τὴν
1067 1764 1214 1848 Τρωάδα

190 1865 245 1931 καὶ
268 1868 315 1944 είς
337 1867 462 1950 ταύτην
488 1868 550 1950 τὴν
577 1874 683 1950 νῆσον
710 1861 820 1950 ἦλθον
847 1867 911 1932 άπὸ
939 1877 998 1951 τῆς
1020 1866 1212 1955 Ἀρκαδίας.

191 1972 313 2056 δμοίως
335 1970 390 2036 καὶ
415 1973 476 2038 ὅσα
500 1971 588 2056 λέγει
611 1972 629 2038 6
652 1973 820 2056 Σάτυρος,
847 1974 937 2050 ὅστις
960 1975 1130 2058 συνήγαγε
1153 1974 1211 2040 καλ

191 2075 358 2160 συνέθηκε
380 2076 435 2143 καὶ
459 2081 603 2162 ἔγραψεν
632 2081 679 2155 είς
706 2082 838 2163 βιβλίον
862 2081 899 2145 ἓν
923 2081 1022 2158 ὅλους
1044 2083 1124 2158 τοὺς
1147 2104 1212 2146 πα-

191 2185 306 2259 λαιοὺς
334 2183 466 2267 μύθους
497 2195 564 2250 τῶν
587 2179 758 2269 Ἑλλήνων
788 2187 908 2263 οἵτινες
939 2181 1026 2270 ἦσαν
1058 2189 1211 2274 διεσκορ-

190 2286 345 2371 πισμένοι
367 2287 422 2354 καὶ
445 2290 600 2361 άτακτοι.
634 2289 722 2375 λέγει
745 2293 808 2377 γάρ
831 2290 886 2357 καί
909 2291 1035 2370 ἐκεῖνος
1060 2295 1107 2370 είς
1128 2297 1213 2371 τοὺς

138 2414 172 2462 20
191 2395 323 2479 μύθους
355 2395 503 2474 ἐκείνους
537 2394 614 2483 περὶ
646 2407 714 2462 τῶν
749 2404 843 2463 θεῶν
873 2399 1020 2482 τούτων,
1057 2397 1113 2464 καὶ
1145 2399 1212 2465 ὅσα

191 2497 302 2585 εἷπον,
334 2504 429 2569 άλλοι
456 2502 574 2570 πολλοὶ
603 2504 764 2589 ἱστορικοί
791 2502 846 2570 καί
873 2505 1104 2591 χρονογράφοι
1131 2506 1211 2591 περὶ

191 2609 302 2702 αὐτῶν
318 2608 374 2675 καί
393 2611 533 2695 μάλιστα
551 2611 569 2676 6
588 2615 806 2688 παλαιότατος
823 2611 958 2678 πάντων
977 2623 1044 2678 τῶν
1058 2624 1209 2696 ποιητῶν

191 2717 291 2793 ὅσους
322 2719 474 2800 γινώσκω
508 2717 572 2801 ἐγὼ
610 2716 628 2783 6
657 2715 833 2803 Ἀρκτῖνος.
885 2716 1021 2802 λέγουσι
1056 2727 1142 2802 γοῦν
1176 2721 1215 2784 οί

191 2824 286 2888 άλλοι
317 2824 404 2906 πλὴν
435 2832 496 2888 τοῦ
524 2820 713 2908 Ἀρκτίνου,
746 2824 796 2890 ὅτι
828 2825 846 2890 6
875 2824 1054 2910 Δάρδανος
1087 2824 1106 2891 6
1134 2828 1210 2903 υίὸς

189 2937 250 2993 τοῦ
280 2929 377 3010 Διός,
407 2929 523 2993 ὅντινα
555 2927 734 3013 ἐγέννησεν
766 2929 830 2994 άπὸ
862 2939 920 3013 τῆς
943 2925 1122 3016 Ἠλέκτρας
1149 2943 1210 3016 τῆς

190 3035 360 3120 θυγατρὸς
387 3043 449 3099 τοῦ
471 3032 651 3112 ’Ἄτλαντος
686 3035 730 3112 ὡς
761 3038 981 3121 προείπομεν,
1013 3039 1112 3121 ἔλαβε
1144 3041 1210 3123 τὴν

151 3170 200 3233 00
222 3171 338 3232 0000000
374 3140 513 3225 Χρύσην
544 3141 606 3226 την
639 3139 809 3229 θυγατέρα
841 3151 901 3207 τοῦ
934 3143 1141 3221 Πάλλαντος.
1187 3146 1208 3229 6

150 3245 201 3287 θεώ
202 3243 270 3288 καὶ
291 3244 336 3330 ‘⁰³1
373 3239 435 3312 ουν
459 3247 611 3333 θυγάτηρ
630 3257 690 3313 τοῦ
706 3249 790 3324 Διὸς
808 3246 852 3330 6'
848 3254 971 3331 Αθηνᾶ
989 3249 1009 3332 6
1030 3253 1209 3329 λατινικῶς

156 3312 288 3358 πααίανλλδ

138 3381 221 3429 &amm
235 3383 350 3442 οἈ0000
373 3352 533 3439 λεγομένη
557 3353 713 3439 Μινέρβη
737 3354 967 3441 ίδωρήσατο’
951 3356 1062 3441 ὥσπερ
1083 3360 1209 3443 προῖκά

262 3511 395 3580 δίδομεν
416 3511 495 3564 codd.
570 3515 603 3564 10
622 3509 727 3564 ολπά,
746 3510 924 3572 καλλίστατος
938 3511 1018 3565 codd
1103 3519 1136 3568 16
1157 3514 1209 3568 σά-

190 3581 324 3652 τηροςά.
398 3586 432 3636 2⁷
450 3579 590 3642 πάλαντος
608 3579 688 3634 codd.
