2558 4036
466 242 684 307 „59-

56 402 240 485 άνθρωποι
270 401 399 482 ἔθηκαν
427 401 475 476 εἰς
501 401 564 484 τὴν
590 409 656 484 γῆν
680 401 907 485 πρασίζουσαν
933 398 998 466 άπὸ
1026 409 1085 484 τῆς

57 509 162 592 χλόης
194 506 355 590 βρώματα
386 506 443 570 ἵνα
474 506 637 589 φάγωσιν.
689 506 840 591 ὑπῆρχον
872 503 910 570 δὲ
942 507 990 583 εἰς
1020 508 1085 590 τὴν

58 617 166 698 χλόην
190 610 324 694 ἐκείνην
347 609 403 677 καί
426 611 558 694 σε’ληνα.
591 611 650 694 ἀφ’
677 607 719 676 οὗ
742 607 805 676 οὖν
827 615 968 696 ἔφαγον,
992 611 1084 678 ἐστο-

57 720 186 805 χάσατο
214 710 263 795 εἰς
289 716 324 798 ἐξ
347 717 485 782 ἐκείνων
512 717 590 802 ἐκεί,
613 721 700 782 ἔνθα
722 717 866 801 ἐκάθητο
890 717 946 783 καὶ
968 720 1082 802 ἔφαγε,

56 824 206 909 σέληνον
229 822 285 890 καὶ
307 823 501 901 ἀνασπάσας
518 827 629 907 ἔφαγε,
667 822 723 890 καί
741 825 826 889 ἰδὼν
843 833 965 890 τοῦτον
983 826 1084 902 ἄλλος

57 935 206 1016 πλησίον
233 931 340 995 αὐτοῦ
371 933 561 1014 καθήμενος
587 930 745 1014 ἐποίησεν
773 931 897 1015 ὁμοίως
922 930 978 997 καὶ
1008 935 1079 1016 μετ’

59 1039 194 1104 ἐκεῖνον
225 1038 327 1113 ἄλλος
357 1034 413 1100 καί
442 1036 585 1122 καθεξῆς
616 1038 760 1114 άπαντες
790 1036 853 1114 ἕως
885 1034 927 1103 οὗ
955 1041 1084 1123 ἔφαγον

58 1147 190 1210 ἅπαντα
212 1144 254 1207 τὰ
276 1141 401 1224 σέληνα
423 1143 464 1206 τά
485 1141 641 1207 ὑποκάτω
664 1153 732 1206 τῶν
754 1143 939 1228 βρωμάτων
963 1145 1083 1227 αὐτῶν,

58 1252 105 1328 ὡς
133 1245 197 1316 οὖν
226 1244 317 1314 εἰδεν
344 1248 362 1314 6
390 1251 528 1325 Αἰνείας
558 1250 596 1314 τὸ
629 1257 764 1334 πρᾶγμα
795 1259 910 1332 τοῦτο,
943 1249 1083 1334 ἐνόησεν

59 1360 120 1422 τὸν
148 1365 233 1422 νοῦν
262 1353 317 1420 καὶ
345 1357 407 1439 την
434 1355 590 1421 διάνοιαν
615 1364 678 1420 τοῦ
704 1365 873 1440 χρησμοῦ,
902 1357 953 1422 ὅτι
982 1352 1080 1436 οὗτός
1100 1374 1135 1422 10

60 1464 154 1529 ἐστιν
186 1462 205 1528 6
240 1463 342 1538 τόπος
373 1463 460 1526 ἔνθα
491 1459 584 1526 ἐστὶν
619 1461 758 1547 ὁρισμὸς
793 1474 861 1528 τῶν
897 1470 989 1528 θεῶν
1026 1464 1082 1528 ἵνα

59 1572 257 1654 κατοικησω.
306 1566 363 1632 καί
393 1566 507 1652 ἐπειδὴ
543 1570 656 1653 ἔλεγεν
688 1569 707 1634 6
739 1571 895 1654 χρησμός,
945 1598 1022 1653 ος..

60 1677 113 1743 ὅτι
145 1677 228 1741 ὅταν
258 1673 361 1759 μίλλη
388 1675 498 1739 κτίσαι
524 1675 586 1757 τὴν
618 1675 767 1740 πόλιν”
752 1699 807 1740 ινα
839 1680 932 1785 ε’χη
918 1673 987 1756 λλλξλ
956 1670 1123 1786 π’ῑλξιλλτ
1125 1688 1136 1715 λ

59 1782 190 1866 ὁδηγὸν
217 1789 279 1845 τοῦ
305 1783 410 1845 τύπου
437 1779 660 1865 τετράποδον,
687 1782 804 1866 ἠπόρει
827 1755 959 1858 πῶςλ,
1073 1758 1134 1793 ’⁰⁹

60 1888 174 1974 μέλλει
201 1894 346 1970 ποιῆσαι.
392 1886 481 1969 ὅμως
509 1885 669 1969 λαμβάνει
692 1897 809 1972 χοῖρον
835 1886 896 1952 ἕνα
930 1828 980 1997 A}
973 1824 1028 1934 λλλλ
947 1828 1123 1998 ωλχλλλλξξ

60 2019 117 2059 ινα
140 1995 264 2078 ποιήση
287 1994 415 2056 θυσίαν
436 2001 507 2068 τοῖς
524 1998 626 2069 θεοῖς.
673 1995 766 2078 ἔτυχε
785 1990 823 2059 δὲ
845 1967 976 2070 δτιᾞ,τ
1009 1951 1051 2011 ὴν
971 1952 1136 2090 6165?ss

59 2102 189 2186 ὑπῆρχε
219 2101 340 2181 θηλεια
371 2096 427 2163 καὶ
455 2101 574 2182 ἔγκυος
600 2099 638 2163 τὸ
667 2102 751 2177 ζῶον
780 2099 898 2166 ἐκεῖνο.
992 2095 1058 2152 λλλ·

58 2208 105 2284 ὡς
128 2213 216 2290 γοῦν
239 2204 425 2289 ἐδέσμησαν
451 2204 572 2270 αύτὸ”
556 2229 612 2268 ινα
634 2206 840 2291 θνσιάσωσι,
866 2209 949 2272 κατὰ
976 2209 1082 2294 τύχην

56 2314 137 2378 τινὰ
170 2312 345 2394 διαφεύγει
378 2311 414 2376 ἐκ
447 2321 515 2376 τῶν
545 2321 667 2396 χειρῶν
698 2312 771 2378 ’τῶν
803 2313 994 2397 ἀνθρώπων
1025 2313 1081 2380 καὶ

57 2419 182 2503 φεύγει
205 2418 275 2481 άνω
299 2415 363 2481 ἀπὸ
385 2425 447 2482 τοῦ
470 2418 632 2501 αἰγιαλοῦ.
678 2417 696 2482 6
721 2415 759 2484 δὲ
781 2420 919 2495 Αἰνείας
941 2419 1081 2504 ἐνόησεν
1099 2439 1134 2487 20

57 2523 116 2590 καὶ
146 2524 295 2589 ἐνταῦθα
322 2532 383 2588 τοῦ
410 2531 561 2609 χρησμοῦ
592 2524 629 2588 τὸ
661 2521 763 2609 πέρας
794 2523 848 2589 καὶ
876 2527 998 2611 ὥρισεν
1024 2527 1081 2592 ἵνα

57 2632 105 2716 μὴ
137 2631 239 2715 διάξη
266 2652 316 2706 τις
342 2631 380 2694 τὸ
414 2633 513 2712 ζῶον,
546 2629 603 2694 ἵνα
634 2631 678 2714 μὴ
707 2629 903 2716 ἀναγκασθῇ
930 2630 996 2697 ἀπὸ
1022 2643 1081 2717 τῆς

58 2735 208 2816 διώξεως
226 2734 281 2801 καὶ
300 2733 430 2822 άπέλθη
453 2735 600 2820 ἀλλαχοῦ
622 2737 711 2820 παρά
728 2737 791 2821 την
809 2738 947 2823 γνώμην
966 2739 1080 2806 αὐτοῦ.

58 2844 164 2920 αὐτὸς
183 2838 221 2908 δὲ
239 2842 421 2925 ἠκολούθει
440 2839 495 2906 καὶ
514 2841 558 2918 ὡς
576 2841 707 2926 ἀπῆλθε
725 2846 800 2929 τρία
820 2846 913 2927 μίλια
930 2845 1000 2910 άνω
1018 2855 1080 2912 τοῦ

57 2953 219 3034 αἰγιαλοῦ
241 2948 279 3013 τὸ
309 2951 409 3031 ζῶον,
439 2948 693 3036 ἐταλαιπωρήθη
722 2950 870 3017 ἀπὸτοῦ
896 2956 1002 3019 κόπου
1025 2951 1081 3019 καί

57 3057 209 3140 ἐκάθησο
240 3051 297 3119 καὶ
329 3053 398 3118 ἐκεῖ
431 3064 535 3141 γεννᾷ
569 3055 746 3137 τριάκοντα
782 3058 899 3123 παιδία
935 3063 1105 3144 χοίρους..

56 3166 135 3229 τότε
167 3160 327 3243 κατέλαβε
358 3161 481 3244 κυρίως
512 3160 531 3226 6
559 3164 696 3239 Αἰνείας
728 3162 779 3227 ὅτι
811 3166 907 3248 ἔλαβε
938 3162 1031 3242 τέλος
1061 3165 1079 3232 6

57 3271 218 3357 χρησμός.
255 3269 346 3349 ἔλεγε
367 3268 430 3352 γὰρ
449 3265 621 3334 καὶτοῦτο
640 3267 658 3333 6
677 3271 824 3353 χρησμὸς
842 3269 893 3335 ὅτι
911 3271 949 3335 τὸ
968 3271 1080 3356 τετρά-

133 3460 317 3530 2στράματα
335 3459 368 3513 V.
441 3459 488 3526 οξ.
509 3459 655 3524 ὁΑἰνείας
674 3463 744 3549 post
755 3459 838 3516 πόλιν
856 3462 889 3516 V.
963 3463 1080 3533 χρισμδν

56 3535 126 3588 Vat.
222 3537 253 3586 13
273 3530 319 3586 ὅτε
337 3548 389 3599 pro
407 3530 476 3586 ὅταν
494 3530 527 3586 V.
602 3539 635 3587 15
653 3529 781 3604 λαμβάνη
801 3532 881 3586 οοδδ.
959 3539 994 3587 24
1012 3533 1081 3602 ηκο-

57 3604 153 3673 λούθη
173 3600 255 3658 codd.
328 3607 362 3656 25
383 3598 594 3672 ἐταλαιπορήθη
614 3605 677 3659 vat.
