2558 4036
453 225 668 288 ,61-

52 384 183 468 άγαθὸν
206 379 322 472 ἑτέραν
344 384 444 448 πόλιν
467 381 614 466 μεγάλην
631 383 750 466 ἥντινα
772 382 952 468 ὠνόμασαν
961 382 1067 467 ’Ἀλβα

53 491 201 574 Λοάγκα,
220 489 292 573 ήτις
310 487 439 572 λέγεται
457 487 613 574 ἕλληνική
633 485 791 577 διαλέκτῳ
807 490 918 574 Λευκή
933 491 1066 576 Μακρά.

55 597 222 681 ἐνόμασαν
259 591 297 660 δὲ
333 595 458 679 ταύτην
492 596 666 679 Λούγκαν,
699 595 756 660 ἵνα
791 599 966 681 χωρίζηται
1003 596 1067 662 ἀπὸ

55 705 154 786 άλλης
180 702 308 777 πόλεως
336 704 504 785 λατινικής
524 699 647 784 ’Ἀλβας
674 699 865 786 λεγομένης·
908 701 1068 786 ἐποίησαν

54 810 115 894 γάρ
147 805 203 873 καὶ
234 808 273 872 τὸ
305 814 413 891 σχῆμα
445 806 545 891 αὐτῆς
581 810 719 893 μακρόν.
764 809 812 886 είς
846 810 971 892 ταύτην
1006 809 1068 893 τήν

55 918 151 981 πόλιν
173 914 235 998 τήν
258 917 450 980 νεόκτιστον
472 916 535 1000 τήν
552 913 679 998 ’Ἀλβαν
701 918 888 1000 μετήγαγον
913 913 968 981 καὶ
990 916 1069 992 τοὺς

55 1023 155 1098 θεοὺς
186 1022 266 1097 τοὺς
297 1022 459 1106 τρωικοὺς
490 1019 545 1085 καὶ
576 1022 617 1086 τά
645 1023 717 1107 ίερδι
750 1022 811 1089 ὅλα
842 1019 898 1088 καὶ
926 1024 1069 1105 ἔστησαν

57 1127 177 1204 αὐτοὺς
203 1127 284 1212 μετὰ
310 1135 407 1212 τιμῆς
433 1128 576 1212 μεγάλης
603 1130 650 1204 είς
671 1131 756 1194 ναὸν
784 1128 886 1215 ὅνπερ
909 1128 1070 1212 ἐποίησαν

57 1234 175 1311 αὐτοῖς.
207 1234 264 1298 διὰ
282 1242 340 1318 της
357 1236 477 1311 νυκτὸς
499 1244 584 1317 γοῦν
607 1233 797 1319 εὑρέθησαν
820 1238 867 1313 είς
888 1237 927 1301 τὸ
945 1235 1070 1300 Λαιού-

56 1364 138 1407 νιον.
183 1337 239 1405 καὶ
271 1340 373 1404 πάλιν
405 1339 559 1423 ἀπῆλθον
590 1338 646 1405 καὶ
675 1342 804 1425 ήγαγον
836 1341 958 1419 αὐτοὺς
989 1341 1069 1426 μετὰ
1090 1356 1123 1405 10

57 1443 285 1532 μεγαλωτέρας
306 1455 401 1530 τιμής
424 1448 472 1524 είς
493 1447 555 1530 τήν
569 1445 710 1530 Ἄλβαν·
734 1446 789 1514 καὶ
811 1449 912 1513 πάλιν
936 1435 991 1514 διδΙ
1013 1456 1072 1531 της

56 1555 174 1630 νυκτὸς
206 1551 397 1637 εὑρέθησαν
429 1554 476 1630 είς
511 1554 548 1618 τὸ
581 1554 767 1620 Λαιούνιον
789 1557 852 1632 -είς
879 1557 939 1620 τὸν
966 1555 1071 1619 τόπον

58 1659 140 1723 ἔνθα
172 1660 310 1742 ἔστησεν
342 1657 466 1735 αὐτοὺς
498 1658 516 1724 δ
549 1662 686 1737 Αἰνείας
713 1656 783 1725 κατ’
815 1659 924 1746 ἀρχάς.
970 1660 1006 1725 οί
1033 1656 1071 1724 δὲ

55 1760 208 1848 Ἀλβανοὶ
231 1763 375 1848 ἐνόησαν
398 1765 449 1830 ὅτι
473 1763 508 1830 οί
527 1763 604 1830 θεολ
627 1764 855 1832 ἀναπαύονται
873 1769 1000 1850 μᾶλλον
1023 1766 1071 1842 είς

58 1873 91 1936 τὸ
115 1870 304 1937 Λαιούνιον
333 1873 419 1955 παρὸ
447 1871 495 1948 είς
520 1871 583 1954 τήν
596 1869 733 1954 Ἄλβαν.
779 1869 963 1950 ἐξελέξαντο
986 1881 1071 1956 γοῦν

59 1979 133 2055 τοὺς
161 1976 394 2062 ἐντιμοτάτους
421 1985 479 2062 της
497 1975 620 2061 ’Ἁλβας
647 1979 773 2065 ἄνδρας
801 1975 992 2056 ἑξακοσίους
1015 1975 1071 2042 καὶ

60 2085 208 2149 ἔστειλαν
235 2082 357 2160 αὐτοὺς
384 2084 432 2160 είς
458 2084 495 2148 τὸ
519 2084 721 2168 Λαιούνιον,
753 2085 810 2150 ’ίνα
842 2086 941 2170 ἔχωσι
965 2087 1073 2169 μόνην

60 2191 224 2274 φροντίδα
246 2187 302 2256 καὶ
324 2188 488 2277 μέριμναν
510 2191 572 2274 τήν
594 2190 694 2275 τιμήν
716 2189 771 2257 καὶ
793 2192 851 2268 τδις
873 2193 995 2269 θυσίας
1017 2188 1074 2257 καὶ

60 2296 117 2378 τήν
149 2294 337 2382 ἐπιμέλειαν
369 2307 437 2361 τῶν
468 2303 561 2362 θεῶν
597 2299 727 2362 τούτων
757 2295 812 2362 καὶ
844 2297 902 2374 τάς
938 2297 1074 2377 ἐξόδους

60 2403 275 2486 λαμβάνωσιν
303 2401 367 2468 άπὸ
395 2411 463 2467 τῶν
491 2403 668 2487 χρημάτων
696 2411 753 2487 τῆς
775 2403 952 2487 βασιλείας.
997 2404 1073 2468 τού·
1092 2419 1127 2468 20

60 2531 136 2585 τους
162 2512 242 2586 τοὺς
271 2510 374 2585 θεοὺς
397 2504 485 2591 λέγει
513 2507 531 2573 ὁ
556 2508 755 2593 Διονύσιος,
781 2509 831 2575 ὅτι
854 2510 995 2592 ὕστερον
1019 2509 1074 2574 ὅτε

61 2613 195 2699 ἐκτίσθη
222 2614 243 2699 ἡ
268 2611 371 2698 Ῥώμη
402 2615 483 2699 μετὰ
509 2615 743 2698 τετρακοσίους
769 2617 913 2700 χρόνους
939 2612 1000 2699 ἀφ’
1032 2609 1074 2681 οὗ

61 2720 196 2803 ἐκτίσθη
227 2718 388 2803 ήἌλβα,
416 2722 603 2804 μετήγαγον
630 2720 753 2797 αὐτοὺς
780 2722 827 2798 είς
854 2722 916 2806 τήν
939 2719 1073 2806 Ῥώμην.

62 2826 101 2891 οὐ
124 2827 191 2910 μήν
224 2820 310 2910 οίδε,
338 2837 408 2904 πῶς
436 2825 492 2892 καὶ
521 2828 609 2903 τίνες
636 2826 808 2911 ἀπήγαγον
831 2827 968 2911 αὐτούς,
992 2827 1075 2893 άλλδι

60 2928 141 2998 οὐδὲ
167 2934 246 3009 τοὺς
272 2932 426 3017 πρώτους
457 2932 605 3010 ἐκείνους
632 2935 737 3011 θεοὺς
769 2928 858 3000 εἶδέν
887 2958 937 3012 τις
964 2937 1011 3013 είς
1037 2937 1075 3001 τὸ

61 3040 209 3124 φανερὸν
234 3039 265 3104 εί
286 3039 330 3123 μή
350 3039 407 3116 τὰς
426 3039 556 3116 εἰκόνας
573 3037 628 3104 καὶ
646 3041 687 3104 τά
706 3043 828 3106 είδωλα
847 3041 970 3126 αὐτῶν,
993 3040 1076 3106 ἀλλά

59 3139 147 3227 ἦσαν
181 3141 389 3231 κεκρυμμένα
425 3145 473 3222 είς
508 3147 568 3210 τὸν
603 3148 687 3212 ναὸν
724 3155 782 3230 τῆς
809 3141 952 3230 Ἑστίας,
990 3149 1076 3212 ἔνθα

59 3249 258 3335 ἐφυλάττετο
286 3247 342 3316 καὶ
367 3252 405 3317 τὸ
429 3251 591 3334 ἄσβεστον
618 3240 685 3337 πῦρ
708 3251 773 3318 ὑπὸ
795 3262 863 3317 τῶν
885 3250 1075 3344 παρθένων.

59 3355 150 3440 λέγει
171 3366 256 3442 γοῦν
279 3356 330 3422 ὅτι
357 3358 465 3422 πολλὰ
492 3358 613 3424 εἴδωλα
639 3367 707 3423 τῶν
733 3364 827 3424 θεῶν
853 3359 982 3425 τούτων
1010 3369 1076 3424 τῶν

135 3589 150 3637 2
169 3582 254 3657 λόγγα
272 3583 387 3654 Dionys,
464 3591 496 3640 17
516 3582 632 3654 ἔστηλοιν
652 3585 732 3641 codd.
