2558 4036
469 212 796 280 -75-‘

83 376 155 439 ναὸν
183 382 241 458 τῆς
269 363 393 458 Ῥώμης
423 370 513 457 λέγει
545 372 564 438 δ
590 374 775 450 Διονύσιος
808 373 857 438 ὅτι
886 371 1084 457 ἐφυλάττετο

85 481 140 545 ὑπὸ
168 490 235 545 τῶν
267 478 448 565 παρθένων
485 477 542 545 καὶ
573 480 704 564 ἐτιμᾶτο
736 477 792 544 καὶ
829 481 867 546 τὸ
893 466 1086 546 Ιπαλλάδιον

86 586 177 651 έκεῖνο
206 585 287 670 ὅπερ
318 585 472 671 ἐκόμισεν
497 583 554 650 καὶ
583 588 708 671 ἤγαγεν
736 585 915 662 ὁΑίνείας
941 584 1005 652 ἀπὸ
1028 593 1087 669 της

89 692 231 777 Τρωάδος
258 690 313 757 καὶ
342 694 467 776 έθηκεν
494 693 541 769 είς
569 693 608 757 τὸ
631 692 829 774 Λαιούνιον,
853 694 939 756 ἔνθα
962 692 1086 776 φυλάτ-

81 815 184 863 τουσιν
212 800 251 864 αλ
276 796 362 884 ἱεραὶ
391 797 558 884 παρθένοι
578 795 633 863 καλ
656 801 694 864 τὸ
716 807 784 884 πῦρ
812 799 984 881 ἄσβεστον.
1029 800 1087 863 διά

86 901 115 969 δὲ
133 906 444 991 ταπεινοφροσύνην
466 903 716 992 πεπαιδευμένῳ
744 904 914 992 άνθρύπφ
941 903 1086 990 πρέπου-

81 1026 135 1076 σαν
163 1009 253 1095 λέγει
284 1011 336 1076 ὅτι
368 1011 433 1096 ἐγὼ
468 1007 529 1096 μὲν
562 1011 668 1088 οὕτως
702 1011 898 1097 στοχάζομαι
934 1011 998 1078 άπὸ
1029 1019 1087 1096 της

82 1127 199 1202 γραφῆς
224 1129 293 1182 τῶν
321 1119 512 1201 ἱστορικῶν,
545 1118 634 1203 ὅμως
665 1117 832 1202 ἐνδέχεται
861 1113 947 1183 εἶναι
974 1118 1012 1184 έν
1038 1126 1085 1206 τῷ

84 1231 141 1311 ναῷ
165 1224 274 1311 τούτῳ
301 1232 359 1307 τῆς
382 1220 511 1300 Ἑστίας
538 1222 634 1309 ἕτερα
659 1222 834 1308 πράγματα
860 1225 950 1309 παρά
972 1234 1086 1310 ταῦτα,

83 1328 153 1416 άπερ
174 1329 269 1414 ἡμείς
292 1330 333 1395 ολ
348 1328 477 1408 ἀνάξιοι
499 1327 554 1395 καὶ
577 1326 794 1414 μεμιασμένοι
819 1326 875 1394 καλ
898 1329 1087 1416 ἁμαρτωλοὶ
1107 1348 1140 1398 10

83 1435 117 1500 οὐ
144 1437 359 1520 γινώσκομεν.
408 1434 463 1501 ml
498 1435 646 1501 ἐνταῦθα
676 1438 852 1520 καταλήγει
885 1435 903 1501 ὁ
936 1440 1036 1521 λόγος
1067 1439 1085 1505 ὁ

83 1541 239 1626 περὶτῶν
268 1553 420 1628 τρωικῶν
446 1549 539 1608 θεῶν
568 1539 612 1608 δι’
646 1541 706 1620 οὓς
733 1542 959 1629 ἐμνημόνευσε
985 1545 1086 1610 πάλιν

81 1655 129 1729 της
149 1645 376 1736 Σαμοθρᾴκης
396 1645 421 1736 Ιδ
448 1649 648 1731 Διονύσιος,
677 1649 722 1726 ὡς
747 1659 816 1713 τῶν
842 1655 935 1715 θεῶν
956 1651 1086 1717 τούτων

83 1750 214 1818 καὶτῶν
243 1755 436 1820 παλλαδίων
459 1755 597 1840 1πρῶτον
627 1752 691 1818 ἀπὸ
722 1761 781 1837 τῆς
809 1749 984 1837 Ἀρκαδίας
1010 1780 1086 1821 κατ-

83 1861 286 1944 αντησάντων
318 1860 388 1926 ἐκεῖ
412 1858 467 1926 καὶ
494 1859 705 1946 τιμηθέντων
731 1857 786 1925 καὶ
812 1859 1008 1945 τιμωμένων
1031 1860 1087 1927 καὶ

83 1963 317 2052 ἑορταζομένων
339 1966 436 2053 μέχρι
457 1977 525 2033 τῶν
547 1966 680 2052 ἡμερῶν
703 1965 807 2032 αὐτοῦ
830 1968 916 2053 παρὸ
939 1970 987 2044 είς
1008 1970 1087 2047 τοὺς

84 2071 192 2150 ἄλλους
209 2071 383 2158 Ἕλληνας.
429 2070 486 2138 καὶ
513 2073 619 2150 οὕτως
644 2073 796 2157 παύομεν
825 2070 881 2139 καὶ
907 2074 1001 2157 ἡμεῖς
1027 2078 1087 2142 τὸν

80 2175 297 2263 περὶτούτων
320 2183 423 2264 λόγον
445 2176 501 2245 καὶ
522 2180 585 2262 τὴν
612 2180 756 2265 ἄμετρον
783 2176 838 2245 καὶ
865 2183 1087 2267 παρακαίριον

80 2288 284 2369 πολυλογίαν.
329 2286 437 2372 ἡγὰρ
465 2285 626 2370 ἐπιθυμία
652 2295 713 2350 τοῦ
739 2289 880 2370 ποιῆσαί
898 2310 930 2351 τι
952 2296 1087 2373 πρᾶγμα

83 2391 123 2466 είς
147 2391 333 2457 ἀνάπαυσιν
361 2401 419 2476 τῆς
442 2392 622 2468 αὐθεντίας
645 2408 708 2457 σου
735 2390 790 2459 καὶ
818 2394 856 2457 αλ
880 2399 1086 2478 συμπεπλεγ-
1105 2414 1139 2464 νο

80 2494 165 2576 μέναι
200 2509 273 2575 τοῖς
308 2500 421 2583 λόγοις
455 2507 517 2581 τοῦ
550 2499 739 2563 Διονυσίου
776 2499 918 2580 ίστορίαι
955 2499 1010 2564 καὶ
1046 2501 1087 2566 τά

81 2601 218 2689 όνόματα
244 2615 313 2670 τῶν
340 2607 453 2670 τόπων
478 2602 534 2670 καὶ
565 2605 600 2670 ολ
624 2611 729 2688 μῦθοι
751 2615 819 2669 τῶν
842 2605 1008 2689 Ἑλλήνων
1031 2604 1087 2672 καὶ

81 2707 98 2789 ἡ
118 2713 202 2776 αἰτία
225 2718 284 2795 τῆς
307 2720 502 2796 συγγραφῆς
524 2719 582 2795 τῆς
605 2712 752 2797 ἱστορίας
772 2712 895 2796 ταύτης
921 2721 983 2778 τοῦ
1004 2716 1087 2779 Διο-

78 2819 190 2882 νυσίου
213 2817 408 2901 ἡνάγκασάν
426 2841 467 2901 με
485 2820 532 2894 εἰς
550 2819 718 2902 τοσαύτην
736 2820 942 2901 πολυλογίαν
961 2819 1086 2904 ἐλθεῖν,

81 2919 255 3005 ὑψηλότατε
278 2921 333 2989 καὶ
357 2921 684 3010 μεγαλοπρεπέστατέ
705 2948 762 3009 μοι
781 2923 940 3010 αύθέντα,
964 2927 1035 3010 ἡτις
1058 2928 1090 2993 εί

79 3023 132 3107 μέν
154 3027 263 3114 ἔχειὴ
291 3029 356 3108 έξει
381 3054 414 3095 τι
442 3033 606 3116 χρήσιμόν
635 3053 714 3096 ποτε
741 3041 810 3097 τῶν
831 3044 970 3119 καιρῶν,
993 3031 1087 3118 ἐξέβη

80 3131 151 3219 ὅπερ
172 3136 412 3221 ἡβουλὴθημεν
433 3134 490 3202 καὶ
513 3131 555 3202 οὗ
575 3138 818 3222 στοχασάμενοι
836 3139 961 3224 γράψαι
984 3147 1087 3204 ταῦτα

80 3237 303 3326 διενοὴθημεν.
348 3244 380 3308 εἰ
401 3239 437 3308 δέ
464 3245 502 3309 τὸ
527 3241 682 3308 ἐναντίον
706 3243 794 3307 ἅπαν
821 3241 922 3324 ἐστίν,
947 3244 1088 3322 οὐδενὸς

80 3345 301 3433 βλαπτομένου
323 3349 343 3434 ἡ
367 3347 489 3434 μέμψις
513 3347 568 3414 καὶ
590 3349 611 3432 ἡ
634 3351 826 3433 κατηγορία,
854 3354 982 3433 μᾶλλον
1006 3346 1043 3415 δέ
1065 3349 1087 3433 ἡ

142 3582 176 3631 20
195 3577 335 3632 αύθεντία
353 3575 417 3631 vat.
