2546 4042
499 277 546 290 ¹-
593 255 658 308 XIX
703 282 747 291 -

116 403 249 490 quidem
269 403 354 489 quod
371 403 419 467 ibi
437 404 589 489 leguntur
609 426 691 490 quae
710 405 827 470 desunt
843 409 878 468 in
891 402 932 468 V.
947 403 999 483 16,
1016 403 1133 469 12.13.

116 511 173 596 32,
190 512 217 575 1.
231 511 262 575 2.
286 511 337 594 57,
355 512 404 576 17.
421 511 471 576 18.
495 509 639 585 Quorum
653 512 799 578 looorum
812 511 936 595 priores
951 511 979 574 si
994 510 1134 575 scribam

114 616 368 700 interpolavisse
383 617 454 701 quis
468 617 640 701 putaverit,
657 619 769 681 tamen
782 615 844 682 hoe
857 638 924 682 non
937 617 1025 681 eadit
1038 618 1073 681 in
1086 617 1132 682 lo·

114 745 195 789 oum
212 723 264 807 57,
285 723 335 788 17.
357 724 413 807 18,
433 723 490 788 ubi
503 724 602 788 verbe
616 724 650 788 in
662 721 695 786 V
710 723 831 788 emisse
846 722 886 788 ad
901 745 1031 788 sensum
1045 726 1134 788 reete

119 829 374 915 intellegendum
405 833 480 894 sunt
507 831 698 896 necessario„
743 828 868 894 Deinde
896 830 1049 895 rectiores
1072 830 1134 900 Ιοο-Ι

115 909 225 1000 tiones
249 935 396 1019 pluribus
424 936 503 1001 loeis
534 936 684 1001 exhibere
707 935 905 1002 Vaticanum
935 957 973 1000 ex
1003 935 1133 1001 adnota-

116 1043 206 1108 tione
231 1042 344 1108 eritios
361 1041 508 1128 intellegi
530 1043 661 1128 poterit.
707 1041 908 1110 Coniecturis
932 1042 1061 1128 pereius
1084 1043 1134 1107 in-

115 1150 205 1214 dulsi
213 1147 239 1237 ¹)
267 1149 353 1214 haud
380 1149 515 1232 ignarus
543 1150 578 1213 in
605 1150 664 1214 teli
693 1151 850 1234 scriptore
879 1149 1038 1214 offendere
1067 1170 1136 1213 non

115 1277 216 1342 posse
240 1276 322 1341 quae
344 1255 581 1321 dubitationem
604 1259 756 1322 moveant
781 1257 817 1320 in
840 1259 969 1321 auctore
994 1254 1135 1338 antiqui-

114 1363 209 1428 tatis.
255 1361 456 1426 Aoeentuum
478 1367 511 1428 et
535 1363 707 1448 spirituum
736 1363 830 1447 signa
854 1362 1135 1447 subscriptumque

114 1470 186 1534 iota
201 1468 286 1553 quod
301 1467 391 1533 deest
404 1470 591 1554 plerumque
615 1470 713 1535 tacite
733 1469 858 1535 correxi
875 1469 1019 1553 itemque
1035 1449 1149 1533 verbe¹

116 1578 207 1640 reete
232 1573 362 1659 digessi,
386 1575 565 1660 scripturae
583 1575 798 1661 proprietates
819 1597 857 1640 ex
876 1575 1024 1647 itaeismo
1044 1578 1132 1640 ortes

117 1682 254 1765 mutavi,
277 1682 432 1746 usitatam
451 1681 621 1748 lectionem
646 1682 791 1766 restitui,
814 1681 956 1766 priorem
979 1682 1013 1747 in
1038 1704 1135 1767 appe·

117 1793 196 1854 ratu
219 1787 382 1854 adnotavi.

209 1892 359 1960 Oodioem
375 1893 516 1960 Vindob.
535 1896 605 1980 ipse
621 1895 776 1979 descripsi
798 1897 831 1959 et
852 1916 924 1960 eum
938 1892 1133 1960 Teurinensi

114 2003 319 2086 comparavi,
342 2002 486 2068 codicum
504 2001 728 2067 Parisinorum
750 2001 959 2067 collationem
983 1999 1133 2066 Ricoardi

115 2109 339 2174 Reitzenstein
367 2107 634 2175 Vretislaviensis
668 2109 768 2174 debeo
801 2107 1011 2192 humanitati,
1041 2104 1133 2171 Vati·

115 2238 235 2282 oanum
259 2215 503 2300 diligentissime
528 2216 674 2280 exerevit
696 2213 834 2280 Ioannes
853 2213 1031 2298 Tsehiedel‚
1055 2235 1133 2298 quo-

116 2345 199 2421 rum·
214 2322 343 2407 utrique
366 2322 428 2388 hoo
451 2343 577 2408 quoque
601 2321 673 2387 loeo
697 2321 825 2386 debitas
850 2342 912 2405 ago
936 2321 1069 2405 gratias.

190 2572 217 2639 1)
239 2575 281 2637 13,
302 2573 342 2622 10.
359 2573 391 2622 11
412 2565 510 2636 scripsi
528 2571 578 2620 τοῦ
599 2566 697 2634 νησίον
711 2561 812 2620 τούτου
826 2582 877 2634 pro
892 2565 941 2619 τοῦ
956 2566 1056 2634 νησίον
1072 2582 1129 2629 τον,

117 2647 162 2711 27,
181 2647 217 2696 30
237 2634 280 2695 ὅτι
298 2637 434 2708 τοιαύτην
452 2653 503 2706 pro
522 2634 537 2692 ὁ
557 2633 698 2704 τοιαύτην.
