2558 4036
456 174 760 240 1—54-

144 339 291 420 ήλθασιν
318 334 382 401 άπὸ
409 343 466 418 της
489 331 673 420 Ἀρκαδίας
705 335 785 419 μετά
811 342 872 398 τοῦ
900 332 1082 416 Δαρδάνου
1111 334 1159 410 είς

143 443 206 526 τήν
225 438 456 528 Σαμοθρᾴκην
475 438 529 506 καὶ
552 442 632 526 μετά
649 449 752 506 ταῦτα
770 438 834 505 άπὸ
857 448 913 523 τῆς
932 434 1160 525 Σαμοθρᾴκης

145 547 299 632 ἀπῆλθον
322 548 402 632 μετά
420 555 481 613 τοῦ
500 547 683 634 Δαρδάνου
703 548 749 623 είς
766 547 807 612 τά
824 543 907 630 μέρη
926 552 984 628 τῆς
1001 545 1160 628 Τρωάδος
1253 605 1254 621 ,

144 651 199 718 καὶ
223 651 386 737 ἐτέθησαν
409 656 456 731 είς
478 655 539 738 τήν
559 653 740 737 Δάρδανον
763 653 825 736 τήν
848 655 947 717 πόλιν
969 651 1012 734 ήν
1032 653 1160 716 ἔκτισεν
1252 700 1255 752 ρ

144 758 163 824 6
190 760 370 844 Δάρδανος
396 756 451 825 καὶ
479 760 621 844 ὕστερον
648 761 695 836 είς
721 761 758 824 τὸ
777 757 884 824 Ἴλιον
911 758 991 842 ὅπερ
1020 755 1161 842 λέγομεν
1254 755 1255 764 ’

148 865 304 949 Τρωάδα,
333 863 388 931 καλ
417 865 480 932 άπὸ
504 874 561 950 της
587 865 744 950 Τρωάδος
767 867 813 942 είς
835 867 873 930 τὸ
895 865 1081 931 Λαιούνιον
1104 862 1161 929 καὶ

145 970 208 1037 ιἰπὸ
240 979 301 1036 τοῦ
331 974 519 1037 Λαιουυίου
556 973 603 1048 εἰς
635 971 696 1054 τήν
724 967 866 1056 Ῥώμην,
903 971 960 1036 ἵνα
992 975 1161 1046 παντελῶς
1256 995 1257 1002 “

146 1076 236 1162 δείξη
259 1076 310 1142 ὅτι
327 1075 382 1143 καὶ
406 1079 443 1143 τὸ
467 1076 565 1161 γένος
582 1087 650 1142 τῶν
669 1072 846 1161 Ῥωμάνων
865 1075 920 1142 καὶ
937 1078 958 1161 ἡ
977 1079 1087 1152 πίστις
1104 1073 1162 1140 καὶ

145 1183 181 1249 oc
209 1182 286 1249 θεολ
318 1181 373 1250 καὶ
405 1184 443 1249 ac
470 1187 590 1250 θυσίαι
621 1194 688 1249 τῶν
719 1190 812 1249 θεῶν
834 1182 890 1249 καὶ
918 1183 956 1248 αλ
980 1187 1160 1267 συνήθειαι

94 1308 127 1356 10
146 1290 219 1356 ὅλαι
242 1300 299 1376 τής
321 1292 487 1367 πολιτείας
506 1285 593 1374 ήσαν
615 1289 736 1376 άρχαϊα
758 1288 813 1356 καὶ
833 1289 988 1374 ἑλληνικά
1006 1286 1062 1354 καὶ
1081 1289 1162 1353 άπο-

144 1395 260 1482 τελίση
283 1398 361 1474 τοὺς
380 1395 566 1482 Ῥωμάνους
588 1398 733 1473 τελείους
751 1393 807 1461 καὶ
825 1398 1028 1472 καθολικοὺς
1042 1393 1162 1478 Ἕλλη-

145 1526 206 1580 νας
230 1502 285 1566 διά
307 1503 450 1570 πάντων.
482 1511 580 1568 τοῦτο
604 1503 668 1587 γάρ
692 1501 782 1567 ἐστιν
806 1502 823 1568 6
846 1498 1048 1579 τέλειοςκαὶ
1071 1513 1161 1586 πρῶ-

145 1630 201 1684 τος
215 1605 270 1672 καὶ
288 1609 467 1684 καθολικὸς
486 1609 590 1686 αὐτοῦ
609 1608 731 1685 σκοπὸς
750 1609 841 1674 ώσάν
860 1614 996 1692 εἴπομεν
1015 1609 1161 1673 άνωθεν.

145 1714 201 1778 ἵνα
229 1708 291 1780 οὖν
319 1720 457 1799 είπημευ
484 1714 539 1780 καὶ
566 1713 641 1799 περὶ
668 1716 790 1780 τούτου
821 1717 868 1791 είς
894 1715 1032 1797 πλάτος,
1064 1711 1164 1799 άρχό-

146 1825 235 1902 μεθα
262 1819 326 1885 άπὸ
358 1829 416 1905 τῆς
443 1821 545 1905 ἀρχῆς
570 1829 631 1886 τοῦ
658 1819 805 1905 πολέμου
833 1828 894 1886 τοῦ
926 1821 1071 1906 τρωικοῢ
1100 1819 1164 1897 ἕως

142 1934 203 2010 ,τῆς
225 1929 361 2003 κτίσεως
383 1935 441 2011 τής
458 1921 582 2011 Ῥώμης
604 1925 660 1993 καὶ
682 1935 739 2010 τῆς
767 1928 949 2012 διηγήσεως
976 1938 1044 1993 τῶν
1067 1928 1163 1992 είδώ-

147 2037 215 2096 λων
242 2032 379 2098 τούτων.
424 2031 481 2097 καὶ
508 2036 581 2099 τότε
609 2033 772 2118 μέλλομεν
805 2036 951 2116 στήσειν1
970 2037 1030 2100 τὸν
1059 2038 1164 2118 λόγου

92 2149 121 2235 0'3
134 2148 309 2237 ncofaer'136031a·
331 2141 390 2205 τὸν
412 2137 488 2225 περὶ
511 2141 647 2206 τούτων.
693 2139 711 2205 6
731 2135 945 2225 Ἀλέξανδρος
971 2139 988 2205 6
1012 2140 1123 2228 Πάρις
1147 2141 1165 2206 6

93 2239 140 2338 ζζξ,
155 2224 309 2360 ᾖῖεξῗνζέξῖ
330 2246 403 2323 υίὸς
429 2254 490 2312 τοῦ
518 2246 674 2331 Πριάμου
702 2245 852 2330 ἀπῆλθεν
887 2247 934 2324 είς
965 2247 1027 2330 τήν
1058 2252 1167 2314 Πελο-

111 2362 282 2426 ,πεπάρθαι
332 2354 482 2436 πόνησον
508 2350 563 2418 καλ
590 2351 722 2430 ἐδέξατο
750 2352 853 2417 αὐτὸν
876 2352 894 2418 6
918 2351 1095 2432 Μενέλαος
1118 2356 1165 2431 εἰς

94 2475 128 2523 21
147 2460 207 2524 τὸν
226 2452 321 2524 οἷκον
344 2457 448 2524 αὐτοῦ
471 2456 526 2525 καὶ
554 2457 782 2542 ἐφιλοξένισεν
810 2459 913 2525 αὐτὸν
936 2459 1046 2542 ὥσπερ
1069 2463 1166 2525 θεόν.

148 2564 248 2641 αὐτὸς
271 2561 308 2631 δὲ
332 2565 479 2650 ἠγάπησε
501 2566 563 2649 τήν
582 2563 719 2648 Ἑλένην
742 2565 804 2648 τήν
822 2575 965 2648 γυναῖκα
984 2565 1091 2631 αὐτοῦ
1110 2565 1165 2630 καί

147 2672 274 2757 ἥρπασε
298 2671 403 2754 αὐτήν
425 2670 481 2737 καὶ
504 2674 635 2758 ἔφυμεν.
682 2672 717 2736 ολ
729 2669 888 2755 Ἕλληνες
906 2681 991 2755 γοῦν
1014 2673 1058 2757 μή
1083 2672 1167 2738 ὑπο-

148 2775 305 2859 μένοντες
335 2778 397 2861 τήν
434 2776 599 2861 ἐντροπὴν
636 2777 746 2843 αὐτῶν
782 2779 906 2862 ταύτην
943 2777 1168 2864 ἐστράτευσαν

149 2883 223 2947 ὅλοι
245 2881 300 2948 καὶ
323 2882 478 2966 ἀπῆλθον
500 2881 555 2948 καὶ
576 2881 760 2967 ἐπολέμουν
778 2884 840 2967 τήν
862 2883 1003 2969 Τρωάδα
1021 2887 1168 2969 χρόνους

150 2985 229 3053 δέκα
260 2986 314 3054 καὶ
347 2985 449 3063 οὐδὲν
481 2989 703 3074 ἠδυνήθησαν
730 2990 811 3075 μετά
842 2988 990 3075 πολέμου
1022 2991 1081 3056 ’ίνα
1110 2993 1168 3057 λά-

114 3123 156 3170 ου,
182 3125 235 3188 ,ηρι
252 3129 292 3184 ,ἧς
333 3098 438 3179 βωσιυ
475 3095 587 3179 αὐτήν.
640 3093 695 3161 καὶ
731 3093 824 3174 τέλος
864 3098 1169 3176 κατασκευάζουσιν

92 3200 239 3255 nummu&
267 3199 309 3244 τοῦ
332 3201 392 3268 ἕνα
419 3202 556 3282 ξύλινον
585 3202 688 3267 ἵππου
715 3201 770 3267 καὶ
797 3203 981 3286 βάλλουσιν
1009 3202 1046 3269 ἐν
1074 3205 1166 3295 αὐτῷ

223 3401 255 3448 1‘1
275 3393 342 3450 πότε
361 3395 478 3465 μὲλομεν
498 3396 562 3449 Vat.
635 3396 700 3450 ante
719 3391 752 3449 o'.
770 3395 859 3450 habet
877 3395 902 3449 V
920 3396 950 3449 in
968 3412 1074 3466 marga
1099 3395 1166 3466 περὶ

151 3465 309 3552 τήςμάρμής
336 3473 385 3519 τοῦ
409 3473 527 3535 τρωικοῦ
551 3462 674 3534 πολέμου
698 3461 749 3528 ἕως
771 3472 820 3534 τῆς
845 3467 958 3529 κτίσεως
981 3473 1031 3536 τῆς
1050 3465 1165 3538 Ῥώμης.

150 3551 184 3586 ο.
204 3537 315 3603 ελλενης
332 3534 397 3590 Vat.
470 3542 503 3590 25
524 3534 598 3590 ὅλλοι
617 3535 696 3591 codd.
