2558 4036
490 202 708 266 ..73-

90 357 179 436 εάδέν
213 387 262 439 τις
293 363 418 448 ποιμὴν
449 361 513 427 ἀπὸ
549 371 610 428 τοῦ
643 362 744 446 όρους
782 355 836 422 καί
871 360 1016 439 κατῆλθε
1048 353 1104 421 καὶ

90 471 186 552 έλαβε
214 471 254 534 τά
280 469 406 534 παιδία.
452 465 506 533 καὶ
529 469 645 552 ἔτυχεν
668 466 719 531 ότι
745 463 766 548 ἡ
789 464 874 547 γυνὴ
904 461 1008 527 αὐτοῦ
1031 464 1105 528 τότε

88 576 253 656 ἔκτρωσεν
279 577 386 660 ἤγουν
413 574 586 658 ἀπεβάλθη
613 575 693 659 ὅπερ
725 571 871 657 ὑπῆρχεν
901 568 1104 654 έγκυμονοό-

90 705 193 766 μενον
217 684 264 758 εἰς
286 684 348 767 τὴν
370 685 502 748 κοιλίαν
525 680 626 764 αὐτῆς
648 681 784 745 παιδίον
805 675 861 743 καὶ
884 675 1033 744 ἐλυπεῖτο
1057 680 1104 755 είς

89 787 287 874 ὑπερβολήν.
329 788 373 865 ὡς
395 797 480 873 γοῦν
498 783 588 854 εἶδεν
605 788 646 852 τά
664 787 780 852 παιδία
798 794 911 866 ταῦτα,
930 782 1030 871 ἐχάρη
1048 783 1104 850 καί

88 891 278 978 ἀνέθρεψεν
308 893 399 958 αὐτά.
444 888 499 958 καὶ
527 891 681 976 ἐγένοντο
709 891 830 976 ἀνδρες
852 887 908 958 καί
931 885 1022 976 εἶχον
1044 894 1104 958 τὸν

88 997 230 1084 ποιμένα
257 997 382 1083 πατέρα
414 996 469 1064 καί
498 1001 560 1084 τὴν
593 1009 735 1082 γυναῖκα
768 997 872 1064 αὐτοῦ
899 997 1023 1084 μητέρα
1049 996 1104 1064 καὶ

89 1103 193 1171 πλέον
217 1102 318 1170 οὐδέν
341 1104 532 1188 ἐγίνωσκον.
579 1099 676 1182 οὗτος
699 1099 763 1170 οὖν
792 1103 810 1169 6
833 1105 958 1188 ποιμὴν
979 1105 1105 1192 ὑπῆρχε

88 1213 214 1296 ποιμὴν
245 1223 312 1277 τῶν
343 1212 521 1295 προβάτων
556 1220 617 1276 τοῦ
651 1207 808 1296 Ἀμολίου
842 1219 903 1276 τοῦ
934 1212 1104 1304 βασιλέως.

88 1315 142 1382 καὶ
165 1319 206 1382 τά
226 1319 342 1383 παιδιά
361 1318 406 1395 ὡς
424 1317 661 1403 ἠνδρώθησαν,
685 1319 831 1401 ἔβλεπον·
844 1315 900 1383 καὶ
919 1316 1104 1401 ἐφύλαττον
1123 1337 1156 1385 10

88 1425 126 1488 τὰ
150 1426 300 1510 πρόβατα
322 1432 384 1489 τοῦ
401 1422 573 1508 βασιλέως,
596 1425 692 1489 άτινα
712 1419 799 1509 εἶχεν
822 1423 841 1490 6
858 1425 965 1509 πατὴρ
984 1426 1105 1504 αὐτῶν,

89 1526 154 1616 εἶχε
179 1527 217 1596 δέ
239 1529 295 1596 καὶ
317 1530 336 1597 6
360 1529 519 1617 Νεμέτωρ
543 1529 561 1595 6
585 1529 714 1616 ἀληθὴς
740 1531 872 1608 πάππος
899 1531 1010 1597 αὐτῶν
1037 1543 1104 1598 τῶν

88 1640 233 1704 παιδίων
250 1638 392 1722 ποιμένα
409 1635 464 1703 καὶ
478 1640 628 1723 πρόβατα
642 1636 711 1702 ἐκεῖ
722 1640 865 1721 πλησίον
882 1647 943 1704 τοῦ
956 1636 1105 1722 ἀδελφοῦ

90 1744 194 1810 αὐτοῦ
225 1753 286 1809 τοῦ
314 1739 478 1828 Ἀμολίου.
525 1744 616 1810 ὧσδιν
646 1753 730 1826 γοῦν
763 1743 780 1809 ὁ
810 1743 892 1821 θεὸς
923 1743 1017 1809 θέλει
1048 1745 1104 1810 ἵνα

88 1853 210 1936 ποιήσῃ
254 1850 335 1937 ὅπερ
364 1851 546 1938 βούλεται,
588 1847 738 1935 Ιἀφορμαὶ
779 1846 880 1916 οὐδὲν
915 1852 1103 1918 λείπουσιν.

88 1959 127 2025 τά
149 1959 267 2023 παιδία
290 1959 442 2044 ἔρχονται
465 1957 513 2033 είς
536 1956 674 2041 ὄχλησιν
697 1955 754 2019 διὰ
776 1956 816 2020 τά
840 1957 920 2041 πρό-
956 2003 1001 2058 (1,.
1018 2003 1086 2064 Νη,
1103 2009 1144 2053 ,οὔ

89 2068 172 2148 βατα
195 2066 365 2149 μετὰτῶν
383 2061 552 2148 ποιμένων
573 2072 635 2129 τοῦ
653 2062 800 2128 πάππου
808 2061 920 2128 αὐτῶν
940 2073 1031 2134 Ῥώουμ
1051 2078 1142 2124 καὶαι
1144 2080 1158 2124 τ

960 2095 1156 2265 Ρμμέργμειυὰ

1086 2218 1141 2266 6666

88 2180 148 2236 τοῦ
176 2167 374 2255 Νεμέτορος.
421 2165 515 2235 οὗτοι
544 2170 607 2254 γάρ
635 2169 654 2234 6
676 2167 798 2255 Ῥῶμος
823 2168 992 2262 καὶὸ.

84 2274 312 2362 Ῥωμόλος-
338 2276 444 2353 οὕτως
466 2278 529 2362 γάρ
558 2275 733 2360 ὠνόμασεν
756 2276 879 2353 αὐτοὺς
904 2276 999 2342 διο

90 2385 188 2460 θετὸς
206 2383 313 2512 πατὴρ
328 2384 496 2449 αὐτῶν-
511 2382 575 2449 ἀπὸ
590 2381 780 2461 ἀλαζονείας
798 2385 923 2461 ἔτυψαν
1012 2361 1041 2407 ‘³

90 2491 168 2566 τοὺς
200 2489 359 2574 ποιμένας
390 2497 451 2553 τοῦ
483 2488 673 2573 Νεμέτορος
703 2487 759 2554 καί
794 2489 946 2574 ὕβρισαν.
1000 2491 1036 2555 oc
1064 2488 1101 2556 δέ
1120 2511 1152 2559 21

96 2593 261 2679 ἀνέφερον
287 2603 386 2660 τοῦτο
414 2596 497 2680 πρὸς
525 2596 583 2659 τὸν
606 2591 797 2679 Νεμέτορα,
822 2592 878 2660 καὶ
905 2595 923 2660 6
947 2596 1106 2685 Νεμέτωρ

94 2699 255 2787 ἀνέφερεν
279 2701 360 2766 αὐτὸ
389 2700 473 2784 πρὸς
499 2701 559 2766 τὸν
585 2699 733 2784 ἀδελφὸν
757 2701 861 2766 αὐτοῦ
888 2703 1106 2787 τὸνβασιλέα

93 2808 150 2872 τὸν
170 2804 334 2890 Ἀμόλιον.
379 2803 433 2872 καί
456 2805 475 2870 6
499 2803 665 2890 Ἀμόλιος,
693 2807 750 2874 ἵνα
777 2804 882 2893 μηδὲν
909 2809 1105 2896 παροξυνθῇ

95 2912 111 2977 6
135 2913 279 2998 ἀδελφὸς
302 2913 406 2978 αὐτοῦ
429 2912 474 2988 ὡς
496 2915 811 3000 καταφρονούμενος
832 2913 887 2980 καὶ
910 2916 1107 3004 ἀναγκασθῇ

98 3018 151 3088 καὶ
183 3021 305 3104 ποιήσῃ
338 3019 536 3101 ἀπόστασιν,
568 3019 760 3104 παρέδωκεν
790 3019 845 3088 καὶ
876 3025 935 3090 τὸν
966 3024 1108 3109 ποιμένα

96 3124 151 3190 καὶ
174 3127 215 3191 τά
237 3125 353 3190 παιδία
377 3132 478 3189 ταῦτα
502 3127 549 3201 είς
569 3126 627 3202 τάς
644 3137 756 3212 χεῖρας
774 3127 889 3212 αὐτοῦ,
912 3129 969 3194 ἵνα
985 3133 1107 3216 ποιήσῃ

94 3235 140 3310 είς
170 3232 293 3308 αὐτοὺς
321 3232 431 3312 ὥσπερ
458 3228 543 3316 θέλῃ
572 3230 666 3316 μέχρι
693 3234 853 3301 θανάτου.
900 3229 993 3301 οὗτοι
1021 3244 1107 3320 γοῦν

94 3337 207 3424 ἐπειδὴ
240 3336 395 3420 ἐγένοντο
431 3337 560 3420 δέσμιοι
592 3339 782 3422 ἔμπροσθεν
814 3350 875 3406 τοῦ
906 3340 1105 3429 Νεμέτορος,

93 3444 155 3510 ἀπὸ
188 3447 309 3527 λόγους
339 3446 386 3520 είς
420 3445 541 3526 λόγους
572 3442 665 3520 ἐντὸς
697 3453 758 3510 τοῦ
790 3451 884 3511 οἴκου
912 3448 1016 3514 αὐτοῦ
1048 3449 1105 3514 ἀν·
1123 3466 1157 3514 30

94 3555 349 3637 εγνωρίσθησαν
386 3549 431 3626 ὡς
467 3551 600 3632 ἔγγονοι
637 3550 749 3616 αὐτοῦ.
787 3551 1050 3641 ,διηγόθηξζγάρ
1087 3555 1105 3620 δ
