2558 4036
464 233 679 297 ..61-

57 393 195 477 άγαθὸν
217 387 332 481 ἑτέραν
355 393 454 456 πόλιν
477 389 624 475 μεγάλην
642 391 761 474 ἥντινα
783 390 962 475 ὠνόμασαν
971 389 1077 475 ”Αλβα

58 500 213 583 Λοάγκα,
231 498 303 582 ήτις
321 496 449 580 λέγεται
468 496 623 582 ἕλληνική
644 494 802 586 διαλέκτῳ
817 497 929 581 Λευκή
944 498 1077 582 Μακρά.

61 606 233 690 ἐνόμασαν
270 600 308 668 δὲ
343 604 468 688 ταύτην
503 604 677 687 Λοόγκαν,
709 604 766 668 ίνα
802 605 977 689 χωρίζηται
1013 603 1077 669 άπὸ

60 715 165 796 ίίλλης
191 712 319 786 πόλεως
346 714 515 794 λατινικής
535 707 658 793 ’Ἀλβας
685 707 876 794 λεγομένης·
918 709 1078 793 ἐποίησαν

60 819 124 904 γάρ
158 813 215 882 καὶ
245 817 284 882 τὸ
316 823 424 900 σχῆμα
455 815 556 900 αὐτῆς
592 819 729 901 μακρόν.
775 818 822 894 είς
856 818 981 900 ταύτην
1016 817 1078 900 τήν

60 928 163 991 πόλιν
184 923 247 1006 τήν
269 926 460 989 νεόκτιστον
483 924 545 1008 τήν
563 921 689 1007 ’Ἀλβαν
712 926 897 1008 μετήγαγον
923 921 1079 999 καὶτοὺς

60 1032 167 1106 θεοὺς
198 1031 277 1106 τοὺς
307 1031 470 1115 τρωικοὺς
501 1027 556 1094 καλ
587 1032 628 1096 τά
656 1031 728 1115 ίερδι
761 1030 822 1096 ὅλα
853 1028 910 1096 καί
937 1032 1079 1112 ἔστησαν

61 1136 189 1212 αὐτοὺς
214 1136 295 1220 μετά
321 1143 417 1221 τιμής
444 1136 587 1220 μεγάλης
614 1139 661 1213 είς
682 1139 767 1204 ναὸν
794 1137 897 1223 ὅνπερ
920 1136 1080 1219 ἐποίησαν

61 1243 187 1320 αὐτοῖς.
219 1243 275 1307 διά
293 1251 351 1327 τῆς
368 1245 488 1319 νυκτὸς
510 1253 595 1326 γοῦν
618 1241 807 1328 εὑρέθησαν
830 1246 877 1321 είς
899 1245 937 1309 τὸ
956 1243 1081 1308 Λαιού-

60 1374 150 1416 νιον.
196 1346 251 1414 καλ
282 1349 383 1413 πάλιν
416 1347 570 1431 ἀπῆλθον
601 1346 657 1415 καὶ
686 1349 815 1433 ήγαγον
846 1350 969 1427 αὐτοὺς
1000 1349 1080 1434 μετά
1100 1363 1134 1412 10

61 1453 295 1541 μεγαλωτέρας
317 1463 412 1539 τιμής
435 1457 482 1533 είς
504 1456 566 1539 τήν
580 1454 720 1540 Ἄλβαν·
744 1454 800 1521 καὶ
822 1457 923 1521 πάλιν
947 1443 1002 1521 διά
1024 1463 1082 1539 τῆς

60 1563 186 1639 νυκτὸς
217 1560 408 1647 εὑρέθησαν
440 1563 487 1639 είς
522 1563 560 1626 τὸ
592 1564 778 1629 Λαιούνιον
799 1565 862 1640 -είς
890 1565 950 1628 τὸν
977 1564 1082 1627 τόπον

62 1669 152 1733 ἔνθα
184 1669 321 1750 ἔστησεν
353 1666 477 1744 αὐτοὺς
509 1667 527 1733 ὁ
560 1670 697 1746 Αἰνείας
724 1664 794 1734 κατ’
825 1667 934 1753 ἀρχάς.
981 1668 1017 1733 οί
1044 1664 1082 1732 δὲ

59 1770 219 1858 Ἀλβανολ
242 1772 386 1858 ἐνόησαν
409 1774 460 1838 ὅτι
484 1772 519 1838 οί
538 1771 615 1839 θεοὶ
638 1773 866 1840 ἀναπαύονται
885 1777 1011 1858 μᾶλλον
1034 1774 1082 1850 είς

61 1883 101 1946 τὸ
126 1880 314 1945 Λαιοάνιον
343 1882 430 1964 παρὸ
459 1881 506 1957 είς
532 1879 594 1962 τήν
608 1878 744 1963 Ἄλβαν.
790 1877 974 1959 ἐξελέξαπο
997 1890 1082 1964 γοῦν

62 1988 145 2063 τοὺς
173 1985 405 2071 ἐντιμοτάτους
432 1994 490 2071 τῆς
508 1984 631 2070 ’Ἀλβας
658 1987 784 2072 άνδρας
812 1985 1003 2066 ἑξακοσίους
1026 1983 1082 2050 καὶ

64 2095 219 2158 ἔστειλαν
247 2091 368 2170 αὐτοὺς
395 2094 442 2169 είς
469 2092 507 2156 τὸ
530 2093 732 2176 Λαιοόνιον,
764 2093 821 2159 ἵνα
854 2095 952 2178 ἔχωσι
976 2095 1083 2177 μόνην

64 2200 235 2285 φροντίδα
257 2197 313 2264 καλ
336 2197 499 2285 μέριμναν
521 2200 583 2283 τήν
605 2199 704 2283 τιμήν
726 2197 782 2265 καλ
804 2201 862 2277 τὰς
884 2201 1007 2276 θυσίας
1028 2197 1085 2264 καλ

63 2306 129 2389 τήν
161 2303 348 2390 ἐπιμέλειαν
380 2316 448 2371 τῶν
479 2312 572 2371 θεῶν
608 2307 738 2372 τούτων
768 2304 823 2372 καὶ
855 2307 913 2383 τάς
949 2305 1085 2386 ἐξόδους

63 2411 286 2496 λαμβάνωσιν
314 2411 378 2476 άπὸ
406 2420 474 2476 τῶν
503 2412 679 2496 χρημάτων
706 2419 764 2496 τῆς
786 2413 963 2496 βασιλείας.
1009 2412 1084 2477 τοό-
1104 2428 1139 2477 20

64 2542 148 2594 τους
175 2521 254 2595 τοὺς
282 2520 385 2595 θεοὺς
408 2514 497 2600 λέγει
524 2514 542 2582 ὁ
567 2517 766 2601 Διονύσιος,
791 2518 842 2583 ὅτι
865 2519 1006 2601 ὕστερον
1030 2518 1084 2583 ὅτε

65 2624 207 2707 ἐκτίσθη
234 2623 254 2707 ή
279 2621 382 2708 Ῥώμη
413 2624 494 2708 μετά
520 2624 754 2717 τετρακοσίους
780 2627 924 2709 χρόνους
950 2621 1011 2708 ἀφ’
1044 2619 1085 2689 οὗ

65 2731 208 2812 ἐκτίσθη
240 2727 400 2812 ήἍλβα,
428 2731 614 2813 μετήγαγον
642 2729 764 2807 αὐτοὺς
791 2730 839 2807 είς
865 2731 927 2814 τήν
951 2727 1085 2816 Ῥώμην.

67 2837 110 2902 οὐ
135 2836 202 2920 μήν
235 2829 321 2919 οἶδε,
349 2846 419 2913 πῶς
447 2834 504 2901 καὶ
532 2837 620 2913 τίνες
648 2835 820 2920 ἀπήγαγον
843 2836 979 2920 αὐτούς,
1003 2836 1086 2902 άλλδι

66 2939 151 3009 οὐδὲ
178 2943 257 3019 τοὺς
284 2942 437 3026 πρώτους
468 2941 617 3020 ἐκείνους
643 2945 748 3021 θεοὺς
780 2937 869 3010 είδέν
898 2967 948 3021 τις
975 2946 1022 3021 είς
1048 2946 1086 3010 τὸ

67 3049 221 3134 φανερὸν
245 3050 277 3112 εί
297 3048 342 3132 μή
361 3049 419 3126 τδς
437 3050 567 3126 είκόνας
584 3046 640 3113 καί
658 3050 699 3114 τά
717 3052 839 3116 εἴδωλα
858 3050 981 3135 αὐτῶν,
1005 3049 1088 3116 ἀλλὰ

65 3151 156 3239 ἦσαν
192 3151 401 3239 κεκρυμμένα
437 3155 484 3231 είς
519 3156 579 3219 τὸν
615 3157 699 3220 ναὸν
735 3164 794 3239 τῆς
820 3151 964 3240 Ἑστίας,
1001 3158 1087 3222 ἔνθα

65 3261 270 3348 ἐφυλάττετο
297 3257 353 3324 καὶ
379 3263 416 3326 τὸ
440 3261 603 3344 άσβεστον
629 3248 696 3345 πῦρ
720 3260 785 3327 ὑπὸ
807 3271 874 3326 τῶν
897 3260 1087 3353 παρθένων.

65 3366 158 3451 λέγει
182 3375 267 3451 γοῦν
291 3366 341 3431 ὅτι
368 3366 476 3433 πολλά
503 3367 625 3432 είδωλα
651 3377 718 3432 τῶν
744 3373 838 3432 θεῶν
865 3368 993 3435 τούτων
1021 3379 1088 3434 τῶν

143 3601 159 3650 2
179 3592 265 3667 λόγγα
284 3593 399 3665 Dionys,
475 3600 507 3650 1⁷
527 3591 644 3664 ἐστηλαν
664 3593 744 3650 codd.
