2558 4036
452 202 667 266 ..61-

42 361 183 445 άγαθὸν
206 357 320 450 ἑτέραν
343 362 442 425 πόλιν
465 358 613 444 μεγάλην
630 360 749 443 ἥντινα
771 359 950 444 ὠνόμασαν
960 357 1066 444 ’Ἀλβα

43 469 201 552 Λούγκα,
220 467 291 550 ἥτις
309 464 437 549 λέγεται
456 465 612 551 ἑλληνικῇ
632 463 790 554 διαλέκτῳ
806 466 917 550 Λευκὴ
932 466 1065 551 Μακρά.

47 575 221 658 ἐνόμασαν
258 569 296 637 δέ
331 573 456 656 ταύτην
491 573 665 656 Λούγκαν,
697 572 754 637 ’ίνα
790 574 965 658 χωρίζηται
1001 571 1066 638 ἀπὸ

47 683 154 765 άλλης
180 680 307 755 πόλεως
335 683 503 763 λατινικης
523 676 646 762 ’Ἀλβας
673 675 864 763 λεγομένης·
906 678 1067 763 ἐποίησαν

48 787 114 872 γάρ
147 783 203 851 καί
234 785 272 850 τὸ
304 792 412 869 σχῆμα
444 784 544 870 αὐτῆς
580 788 718 870 μακρόν.
763 787 810 862 είς
845 787 970 869 ταύτην
1004 785 1067 868 τὴν

49 897 151 960 πόλιν
173 892 235 975 τὴν
257 895 449 957 νεόκτιστον
471 893 533 977 τὴν
551 890 678 977 ’Ἀλβαν
700 894 886 977 μετήγαγον
912 889 967 958 καὶ
989 892 1067 967 τοὺς

51 1000 156 1074 θεοὺς
186 999 265 1075 τοὺς
296 1000 458 1083 τραγικοὺς
489 996 544 1063 καὶ
575 1000 616 1063 τά
644 999 716 1084 ίερδι
748 999 810 1065 ὅλα
841 996 897 1065 καὶ
925 1000 1068 1080 ἔστησαν

52 1105 177 1181 αὐτοὺς
202 1104 283 1188 μετὰ
309 1112 406 1189 τιμῆς
432 1105 575 1189 μεγάλης
602 1107 649 1182 είς
670 1108 755 1172 ναὸν
782 1107 885 1192 ὅνπερ
909 1105 1069 1187 ἐποίησαν

54 1212 175 1288 αὐτοῖς.
207 1211 263 1275 διδι
281 1220 339 1296 τῆς
357 1214 476 1288 νυκτὸς
498 1221 583 1295 γοῦν
606 1209 796 1296 εὑρέθησαν
819 1215 866 1289 είς
888 1213 925 1277 τὸ
944 1211 1069 1276 Λαιοό-

54 1341 138 1383 νιον.
183 1314 239 1382 καλ
270 1317 371 1382 πάλιν
404 1315 559 1400 ἀπῆλθον
589 1315 644 1382 καὶ
674 1317 803 1401 ἤγαγον
835 1318 957 1395 αὐτοὺς
988 1318 1069 1402 μετὰ
1089 1331 1123 1380 10

55 1421 284 1510 μεγαλωτέρας
305 1431 401 1508 τιμῆς
423 1425 470 1501 είς
492 1425 554 1508 τὴν
567 1422 709 1507 Ἄλβαν·
732 1421 788 1489 καὶ
810 1424 912 1490 πάλιν
935 1411 990 1489 διδ
1013 1432 1071 1507 τῆς

55 1531 174 1608 νυκτὸς
205 1529 396 1616 εὑρέθησαν
429 1531 476 1607 είς
511 1531 548 1596 τὸ
580 1531 766 1596 Λαιοάνιου
788 1533 851 1608 -είς
878 1533 939 1596 τὸν
966 1532 1070 1596 τόπον

57 1637 139 1700 ἔνθα
172 1637 309 1720 ἔστησεν
341 1634 465 1712 αὐτοὺς
498 1635 516 1700 δ
548 1639 685 1714 Αἰνείας
712 1633 782 1702 κατ’
814 1636 923 1721 ἀρχάς.
970 1636 1006 1701 οί
1033 1632 1070 1701 δδ

55 1738 207 1825 Ἀλβανοὶ
231 1740 374 1826 ἐνόησαν
397 1741 449 1806 ὅτι
472 1740 508 1808 οί
527 1739 604 1807 θεοὶ
627 1741 854 1808 ἀναπαύονται
873 1745 1000 1827 μᾶλλον
1023 1741 1070 1818 είς

59 1850 92 1914 τὸ
114 1847 303 1914 Ααιοάνιον
331 1850 418 1933 παρὸ
447 1849 494 1925 είς
520 1849 582 1931 τὴν
596 1846 732 1931 Ἄλβαν.
778 1845 963 1927 ἐξελέξαντο
986 1857 1071 1932 γοῦν

60 1957 133 2032 τοὺς
161 1953 395 2039 ἐντιμοτάτους
420 1962 478 2038 της
496 1953 620 2038 ’Ἄλβας
646 1955 772 2041 άνδρας
800 1953 991 2034 ἑξακοσίους
1015 1951 1071 2018 καὶ

63 2062 208 2127 ἔστειλαν
235 2059 356 2138 αὐτοὺς
383 2062 431 2138 είς
457 2061 494 2125 τὸ
517 2061 720 2145 Λαιούνιον,
752 2061 810 2127 ἵνα
843 2063 941 2146 ἔχωσι
965 2063 1072 2145 μόνην

64 2169 224 2253 φροντίδα
246 2165 302 2233 καλ
324 2166 488 2253 μέριμναν
510 2167 571 2250 τὴν
593 2168 693 2251 τιμὴν
715 2165 771 2233 καὶ
793 2169 851 2245 τὰς
873 2169 995 2243 θυσίας
1017 2163 1073 2231 καὶ

64 2273 117 2356 τὴν
148 2271 337 2360 ἐπιμέλειαν
368 2284 436 2339 τῶν
467 2280 561 2338 θεῶν
597 2275 726 2340 τούτων
757 2271 812 2340 καὶ
843 2274 902 2350 τάς
938 2273 1073 2353 ἐξόδους

65 2380 275 2464 λαμβάνωσιν
303 2378 366 2444 άπὸ
395 2387 462 2444 τῶν
491 2379 668 2463 χρημάτων
695 2388 753 2464 τῆς
775 2381 952 2465 βασιλείας.
997 2379 1073 2444 τού·
1092 2395 1127 2444 20

66 2507 137 2562 τους
162 2489 242 2562 τοὺς
270 2487 374 2562 θεοὺς
396 2482 485 2568 λέγει
512 2482 531 2550 δ
556 2484 755 2568 Διονύσιος,
780 2486 831 2550 ότι
854 2485 995 2568 ὕστερον
1019 2485 1073 2550 ὅτε

68 2589 194 2676 ἐκτίσθη
222 2592 243 2675 ἡ
268 2588 371 2675 Ῥώμη
402 2591 483 2676 μετὰ
509 2592 742 2674 τετρακοσίους
769 2594 912 2678 χρόνους
939 2588 1000 2675 ἀφ’
1032 2585 1074 2656 οὗ

69 2695 195 2780 ἐκτίσθη
228 2695 388 2780 η’Άλβα,
416 2698 603 2781 μετήγαγον
631 2696 753 2774 αὐτοὺς
780 2697 827 2774 είς
854 2698 916 2780 τὴν
939 2695 1074 2782 Ῥώμην.

71 2801 105 2865 οὐ
126 2804 190 2887 μὴν
224 2797 310 2886 οἶδε,
338 2813 408 2881 πῶς
436 2801 493 2868 καλ
521 2805 608 2880 τίνες
636 2803 808 2887 άπηγαγον
831 2803 967 2887 αὐτούς,
992 2803 1075 2869 ἀλλὰ

70 2906 141 2974 οὐδὲ
166 2910 246 2987 τοὺς
272 2909 426 2994 πρώτους
457 2909 605 2987 ἐκείνους
633 2911 737 2988 θεοὺς
769 2903 858 2976 εἶδέν
887 2934 937 2988 τις
964 2912 1011 2988 είς
1037 2913 1075 2976 τὸ

37 3095 38 3100 ¹
72 3017 209 3101 φανερὸν
234 3016 266 3080 εί
286 3016 330 3100 μὴ
349 3016 407 3092 τδις
426 3017 557 3093 είκόνας
573 3013 629 3081 καί
646 3017 688 3081 τά
707 3019 828 3082 είδωλα
847 3017 970 3101 αὐτῶν,
993 3016 1076 3082 ἀλλά

38 3133 40 3200 ξ
71 3113 147 3200 ἦσαν
181 3119 390 3208 κεκρυμμένα
425 3122 473 3198 είς
508 3123 568 3186 τὸν
604 3125 688 3187 ναὸν
724 3130 782 3206 τῆς
809 3116 952 3206 Ἑστίας,
990 3125 1076 3188 ἔνθα

39 3215 42 3335 ᾖ
72 3222 259 3309 ἐφυλάττετο
286 3225 341 3292 καὶ
368 3230 405 3294 τὸ
429 3229 591 3311 άσβεστον
618 3215 686 3313 πῦρ
709 3227 773 3294 ὑπὸ
795 3237 863 3293 τῶν
886 3226 1076 3318 παρθένων.

41 3359 43 3396 ι
73 3329 150 3414 λέγει
171 3343 256 3418 γοῦν
279 3333 330 3398 ὅτι
357 3334 465 3400 πολλὰ
493 3334 614 3400 εἴδωλα
640 3344 707 3398 τῶν
734 3339 827 3399 θεῶν
854 3334 982 3400 τούτων
1010 3345 1077 3400 τῶν

137 3565 151 3614 2
170 3559 254 3634 λόγγα
273 3561 387 3632 Dionys.
464 3567 496 3617 1⁷
516 3559 633 3631 ἐστηλαν
652 3560 732 3617 codd.
