2546 4042
467 221 660 286 ,5-

57 372 122 442 ὦσι
145 375 265 443 τέλειοι
288 376 344 443 καλ
367 377 555 463 ὁμοιότατοι
583 380 672 469 αὐτῷ
700 383 851 446 καθόσον
879 378 948 446 ἐστὶ
974 389 1073 446 τοῦτο

55 487 206 551 δυνατὸν
229 487 276 562 είς
299 485 482 570 ἀνθρώπου
506 487 619 570 φύσιν.
658 490 768 554 Ταῦτα
791 488 889 570 γινώ-
912 517 942 575 μ,
963 520 986 564 ,γ
999 514 1127 579 {mmmm

56 608 147 657 σκων
171 591 189 657 ὁ
214 589 315 676 μέγας
330 588 545 676 Ἀλέξανδρος
568 593 586 659 ὁ
604 594 774 658 Μακεδὼν
793 593 811 659 ὁ
829 602 890 659 τοῦ
912 586 1129 674 ᾈίέξαῖδθῗὲῖῑθὸς
1166 634 1170 638 -

57 700 229 764 Φιλίππου
241 698 325 774 -υίὸς
347 700 470 783 ἔγραψε
493 701 575 785 πρὸς
603 702 662 766 τὸν
686 701 888 766 διδάσκαλον
912 659 1127 793 τὲνςωὲιῗάἔῇῖῗν

56 805 162 870 αὐτοῦ
178 806 239 870 τὸν
254 802 483 890 Ἀριστοτέλην
497 807 615 884 οὕτως·
640 807 827 891 διδάσκαλε,
848 807 889 873 οὐ
985 799 1055 857 “W

24 915 166 989 ’καλῶς
198 911 355 996 ἐποίησας
387 913 516 998 γράψας
548 916 595 992 είς
626 917 759 999 βιβλίον
790 916 827 979 τὸ
864 914 1003 998 μάθημα
1036 915 1075 978 τὸ

59 1017 144 1102 μέγα
181 1029 239 1104 τῆς
275 1028 419 1104 φυσικῆς
455 1022 656 1106 φιλοσοφίας
692 1030 749 1106 τῆς
785 1021 983 1106 ἀποκρύφου
1019 1017 1076 1085 καὶ

56 1135 232 1209 μυστικῆς,
261 1126 341 1211 ὅπερ
365 1126 561 1212 παρέδωκαν
585 1129 619 1194 oc
639 1127 775 1194 παλαιοὶ
798 1131 995 1213 φιλόσοφοι,
1019 1127 1075 1192 ἵνα

59 1233 103 1316 μὴ
132 1240 246 1318 γραφῇ
279 1232 362 1298 ἀλλά
391 1234 586 1318 διδάσκηται
613 1234 677 1299 ἀπὸ
710 1237 870 1319 στόματος
897 1235 944 1311 είς
972 1236 1076 1318 στόμα

59 1341 107 1416 είς
135 1338 270 1421 ὀλίγους
297 1337 352 1406 καὶ
379 1342 461 1404 κατὰ
491 1340 686 1425 παράδοσιν.
733 1339 983 1425 ἐστοχάσθησαν
1011 1341 1075 1426 γάρ
1095 1357 1129 1404 10

59 1445 181 1510 ε’κεῖνοι
209 1449 333 1528 καλῶς,
366 1445 417 1510 ὅτι
440 1445 498 1511 έδιν
530 1454 642 1532 γραφῇ
674 1447 711 1512 τὸ
742 1456 898 1513 τοιοῦτον
924 1447 1074 1532 μάθημα,

60 1561 124 1628 πᾶς
147 1553 327 1636 ἄνθρακος
350 1551 369 1618 ὁ
392 1555 597 1636 βουλόμενος
619 1550 864 1637 ἀναγινώσκειν
885 1554 965 1619 αὐτὸ
985 1558 1076 1618 ἔσται

61 1657 94 1736 έξ
119 1656 253 1743 ἑτοίμου
272 1656 328 1726 καλ
346 1659 427 1724 ἀνευ
447 1660 595 1742 σπονδῆς
612 1657 668 1724 καὶ
685 1662 792 1725 κόπον
809 1657 864 1724 καὶ
882 1668 940 1743 τῆς
958 1664 1076 1743 λοιπῆς

61 1765 245 1849 ἐπιμελείας
259 1766 456 1849 φιλόσοφος,
471 1762 526 1830 καὶ
540 1765 646 1841 οὕτως
660 1767 791 1830 ἔσονται
805 1762 861 1831 καὶ
875 1765 911 1830 οί
920 1767 1076 1850 τυχόντες

61 1870 118 1936 καὶ
154 1871 309 1956 ἀπρεπεῖς
344 1869 401 1936 καὶ
434 1873 572 1955 ἀκοσμοι
605 1873 780 1958 ἀνθρωττοι
807 1873 989 1956 φιλόσοφοι
1021 1870 1076 1936 καὶ

63 1976 166 2063 σοφοὶ
189 1979 298 2064 ὥσπερ
323 1977 358 2043 οί
379 1979 505 2061 ἔντιμοι
528 1974 584 2042 καὶ
606 1975 845 2063 προτερημένοι
868 1975 923 2042 καὶ
942 1978 1075 2063 ἀγαθοί.

58 2085 96 2149 τὸ
125 2086 190 2170 γάρ
218 2093 374 2150 τοιοῦτον
397 2084 536 2169 μάθημα
563 2093 620 2168 τῆς
648 2088 769 2169 σοφίας
800 2095 870 2162 τοῖς
899 2083 1076 2171 ἐξαιρέτοις

62 2189 117 2257 καὶ
139 2191 282 2276 ὑψηλοῖς
303 2189 359 2256 καὶ
382 2189 595 2277 έξηρημένοις
617 2191 811 2277 ἀνθρώποις
833 2191 977 2277 ἁρμόζει,
1001 2190 1076 2276 οὐχὶ

60 2297 99 2365 δὲ
121 2297 177 2365 καλ
200 2309 271 2376 τοῖς
293 2298 469 2384 ἀχρήστοις
487 2297 542 2364 καὶ
561 2295 716 2384 ἀνοήτοις
734 2297 789 2364 καὶ
807 2310 977 2384 πονηροῖς.
1010 2298 1074 2381 ἐγὼ

58 2407 124 2492 γάρ
156 2405 174 2472 ὁ
204 2400 418 2491 Ἀλέξανδρος
450 2408 604 2488 βασιλεὺς
635 2405 796 2490 ὑπάρχων
827 2403 882 2470 καὶ
914 2403 1076 2489 βασιλέως
1094 2418 1129 2467 20

60 2513 134 2590 υίὸς
157 2521 381 2599 προαιροῦμαι
404 2511 459 2578 καλ
486 2509 575 2577 θέλω
599 2509 654 2576 καὶ
677 2512 808 2594 ἀγαπῶ,
837 2511 893 2576 ἵνα
917 2513 980 2595 έχω
1004 2513 1076 2576 δια-

58 2621 171 2705 φοράν
195 2620 259 2685 ἀπὸ
282 2631 349 2686 τῶν
372 2620 484 2684 ἀλλων
506 2619 696 2704 ἀνθρώπων
716 2620 771 2683 διὰ
789 2619 851 2701 τὴν
870 2619 1076 2701 φιλοσοφίαν

56 2728 177 2810 ἥντινα
205 2728 335 2810 ἔμαθον
362 2727 448 2812 παρὸ
479 2727 534 2790 διά
561 2726 623 2808 τὴν
651 2726 823 2808 βασιλείαν
852 2725 970 2807 η’ντινα
1003 2725 1077 2808 ἔχω.

56 2831 113 2897 καὶ
144 2830 235 2898 θέλω
266 2832 323 2898 ἵνα
355 2834 418 2917 έχω
455 2831 558 2911 δόξαν
588 2833 678 2916 παρὰ
706 2830 896 2914 ἀνθρώπων
928 2828 983 2895 καὶ
1012 2839 1076 2896 νῦν

55 2937 113 3005 καὶ
142 2940 222 3024 μετὰ
249 2938 400 3004 θάνατον
434 2938 479 3015 ὡς
508 2941 694 3022 φιλόσοφος
721 2938 806 3019 παρὸ
840 2937 884 3014 ὡς
914 2937 1078 3022 βασιλεύς.

57 3048 100 3111 σὺ
124 3041 188 3111 οὖν
212 3045 369 3129 έποίησας
393 3045 492 3121 ὅλους
514 3047 593 3121 τοὺς
611 3044 813 3130 ἀνθρώπους
836 3043 972 3130 ὁμοίους
991 3043 1074 3127 ἐμοί,

57 3152 173 3236 ἐπειδὴ
193 3154 335 3237 ἔγραφες
356 3150 412 3216 καὶ
436 3149 598 3231 ἐξέδωκας
620 3152 658 3215 τὸ
682 3150 820 3236 μάθημα
842 3158 951 3216 τοῦτο.
996 3151 1078 3214 κατά

56 3264 92 3325 τί
111 3261 176 3345 γὰρ
200 3259 282 3323 ἀλλο
306 3255 414 3342 μέλλω
440 3257 613 3343 διαφέρειν
637 3256 700 3340 ἐγὼ
724 3268 792 3322 τῶν
815 3257 926 3322 ἀλλων
945 3255 1078 3339 ἀνθρώ-

129 3503 238 3575 Ὶμετδι
257 3505 289 3558 V.
364 3509 398 3557 20
419 3504 547 3575 βασιλεὺς
566 3503 609 3557 bis
626 3502 707 3572 ponit
725 3501 759 3558 V.
834 3506 868 3555 20
888 3496 1024 3573 βασιλέων
1042 3498 1079 3553 V.

58 3600 90 3649 λδ
110 3587 143 3650 ατ
165 3592 298 3648 θάνατον
316 3610 343 3661 p.
417 3597 451 3646 27
472 3587 604 3658 έξέδοκας
621 3590 655 3646 V.
