2546 4042
598 257 793 320 ..2-

185 421 259 492 τίας
282 431 345 480 σου
367 412 423 480 καὶ
445 415 728 500 περιφανεστάτου
747 412 915 479 αύθέντου
932 421 990 496 τῆς
1006 416 1213 499 Μιτυλήνης
1248 473 1249 486 ,

187 520 206 587 6
230 523 388 607 μαγίστερ
412 521 537 598 Ζοάνες
559 512 644 604 ήλθε
667 521 731 606 πρὸ
754 524 887 585 πολλῶν
914 519 1047 606 ήμερῶν
1074 522 1124 598 είς
1148 523 1212 587 τὸν

186 624 347 713 ἡμέτερον
379 615 636 692 τούτων’-τόπον
664 626 719 691 διά
746 648 821 691 τινα
852 628 966 711 χρείαν
996 625 1115 692 αὐτοῦ·
1165 627 1212 704 ὡς

186 740 271 816 γοῦν
304 734 409 819 σοφὸς
441 731 495 799 καλ
527 719 640 816 λόγιος
671 733 851 817 άνθρωπος
882 729 938 798 καὶ
969 735 1086 817 φιλίαν
1119 737 1212 818 ἔχων

186 840 331 904 παλαιάν
354 834 426 924 μετ’
453 839 535 924 ἐμοῦ
558 837 709 925 ἠρώτησέ
730 862 769 922 με
792 836 868 922 περὶ
895 846 956 904 τοῦ
983 841 1118 921 βιβλίου
1145 851 1211 907 τοῦ

187 947 375 1010 Διονυσίου
398 946 520 1011 τούτου
542 953 603 1010 τοῦ
619 941 891 1031 Ἆλικαρνασίως,
917 945 997 1027 ὅπερ
1017 946 1135 1030 ἔτυχεν
1156 947 1211 1011 ὅτι

187 1045 280 1116 εἶδον
312 1050 377 1135 ἐγὼ
409 1048 464 1116 καλ
496 1048 679 1135 ἀνίγνωσα.
726 1049 834 1129 ἔδειξα
866 1059 950 1134 γοῦν
983 1051 1071 1138 αύτῷ
1105 1051 1212 1138 μέρος

186 1164 244 1239 τῆς
276 1166 407 1243 γραφῆς
437 1166 498 1224 τοῦ
530 1161 719 1223 Διονυσίου
751 1158 888 1240 τούτου,
922 1155 1004 1222 ὅσον
1037 1158 1167 1223 ἔδωκεν
1193 1159 1211 1224 ὁ

186 1265 316 1350 καιρός,
347 1263 403 1330 καὶ
434 1262 613 1344 ἀπεδέξατο
646 1264 750 1347 αὐτήν
782 1261 837 1328 καὶ
868 1260 1038 1348 ἐπῄνεσεν.
1092 1266 1211 1330 ἔπειτα

135 1387 168 1436 10
187 1368 339 1455 ῆράτησί
359 1394 415 1455 με,
439 1370 498 1436 ἐάν
522 1372 687 1455 διηγεῖταί
706 1394 739 1435 τι
761 1369 780 1436 6
803 1369 988 1445 Διονύσιος
1011 1364 1110 1446 οὗτος
1129 1371 1211 1456 περὶ

185 1484 244 1560 τῆς
265 1479 470 1562 Μιτυλήνης.
516 1476 580 1560 ἐγὼ
605 1474 642 1541 δὲ
665 1476 890 1562 ἀπεκρινάμην
913 1476 997 1561 πρὸς
1019 1475 1137 1559 αὐτόν,
1165 1478 1212 1554 ὡς

185 1579 262 1668 περὶ
289 1578 350 1668 μὲν
376 1592 435 1667 τῆς
461 1585 658 1667 Μιτυλήνης
673 1582 705 1667 ῆ
733 1591 790 1666 τῆς
817 1583 903 1647 Χίου
930 1583 951 1665 ῆ
978 1603 1070 1658 τινος
1102 1582 1212 1667 άλλης

186 1690 312 1766 πόλεως
340 1687 537 1774 ἀνατολικῆς
565 1687 620 1754 καὶ
642 1692 814 1773 γνωρίμου
841 1687 921 1772 ῆμίν
947 1687 1109 1771 ου’ὃεμίαν
1133 1711 1211 1754 ποι-

186 1803 271 1859 εῖται
288 1796 442 1880 μνήμην,
469 1792 545 1881 περὶ
574 1791 611 1860 66
633 1797 738 1880 μόνης
764 1803 823 1878 τῆς
845 1791 1074 1881 Σαμοθρᾴκης
1096 1798 1211 1878 νήσου

187 1901 352 1984 διηγεῖταί
379 1924 412 1966 τι
444 1901 560 1984 ὀλίγον
593 1897 648 1965 καλ
676 1899 877 1986 μνημονεύει
909 1900 1031 1984 ταύτης
1059 1900 1096 1966 ἐν
1127 1901 1212 1967 δυσὶ

184 2007 299 2082 τόποις
325 2014 386 2070 τοῦ
412 2008 546 2092 πρώτου
569 2008 673 2090 λόγου
700 2015 757 2089 τῆς
780 2005 946 2092 ῥωμαίκῆς
970 2006 1211 2092 ἀρχαιολογίας

186 2111 300 2177 αὐτοῦ.
344 2112 489 2204 ἀκούσας
512 2105 575 2177 οὖν
601 2120 700 2177 τοῦτο
724 2113 805 2197 μετά
827 2113 971 2195 μεγάλης
993 2118 1212 2198 περιχαρείας

184 2216 387 2302 παρήγγειλέ
420 2241 478 2302 μοι
513 2218 594 2302 μετά
629 2221 754 2300 πολλῆς
789 2218 971 2302 ἀσφαλείας
1007 2216 1062 2282 καὶ
1099 2239 1210 2306 παρα-

185 2324 342 2406 κλήσεως,
365 2322 421 2387 ἵνα
444 2324 562 2410 γράψω
588 2322 655 2404 [καὶ
678 2326 855 2406 τελειώσω]
884 2322 939 2389 καὶ
968 2327 1086 2389 στείλω
1113 2326 1209 2415 αύτῷ

131 2447 166 2496 20
185 2427 248 2493 ὅσα
270 2429 390 2514 γράφει
413 2429 432 2496 6
455 2430 639 2507 Διονύσιος
665 2428 739 2516 περὶ
768 2439 826 2514 τῆς
848 2427 1091 2517 Σαμοθρᾴκης,
1122 2431 1210 2497 ὅταν

184 2534 282 2619 μάθω
307 2535 358 2600 ὅτι
380 2530 530 2620 ῆλθενή
558 2535 720 2602 αὐθεντία
747 2553 810 2602 σου
834 2538 880 2614 είς
905 2537 967 2620 τήν
989 2540 1210 2622 Μιτυλήνην,

184 2641 241 2707 ἵνα
265 2642 355 2728 δείξη
379 2651 482 2709 ταῦτα
503 2650 543 2728 τῆ
568 2643 730 2730 αὐθεντία
757 2659 838 2708 σου·.
864 2645 954 2727 ἔλεγε
982 2644 1045 2727 γάρ
1070 2643 1164 2722 ὅπως
1187 2646 1208 2728 ή

184 2747 348 2814 αὐθεντία
367 2767 429 2816 σου
449 2749 580 2826 ἀκούεις
598 2749 677 2833 μετά
695 2749 838 2833 μεγάλης
855 2758 958 2834 χαρᾶς
976 2752 1054 2825 τοὺς
1072 2755 1210 2834 σοφοὺς

185 2854 307 2936 λόγους
329 2853 385 2920 καὶ
406 2856 465 2932 τάς
487 2855 624 2940 ἀρχαίας
643 2855 790 2939 ἱστορίας
811 2865 879 2921 τῶν
897 2860 1056 2920 παλαιῶν.
1096 2855 1209 2934 οὕτως

187 2953 250 3024 οὖν
272 2959 423 3045 ἐποίησα,
445 2960 559 3037 καθώς
581 2985 638 3044 μοι
660 2962 875 3044 παρήγγειλε,
898 2957 953 3024 καὶ
974 2961 1079 3036 οὕτως
1099 2957 1210 3046 εὗρον

185 3067 295 3152 ὥσπερ
332 3088 390 3150 μοι
426 3068 525 3149 ἔλεγε.
579 3063 762 3150 κατέλαβον
804 3067 866 3149 γάρ
903 3075 1001 3131 τοῦτο
1039 3065 1103 3131 ἀπὸ
1143 3078 1211 3133 τοῦ

185 3171 342 3258 ὁρισμοῦ,
375 3171 491 3237 ὅντινα
524 3172 645 3257 ὥρισεν
676 3172 697 3255 ῆ
735 3171 896 3236 αὐθεντία
932 3189 995 3237 σου
1026 3173 1110 3257 πρὸς
1144 3175 1210 3239 τὸν

185 3277 334 3362 ἀδελφόν
357 3301 422 3361 μου
445 3279 505 3343 τὸν
527 3278 721 3363 μάγιστρον,
744 3277 801 3342 ’ίνα
824 3283 898 3364 είπη
921 3280 1004 3364 πρὸς
1026 3275 1093 3362 ἐμέ.
1138 3279 1210 3364 ἐγὼ

185 3393 284 3467 γοῦν,
319 3383 408 3461 ὅστις
440 3383 590 3470 ὑπῆρχον
623 3383 732 3467 ὥσπερ
764 3382 1010 3470 νενεκρωμένος
1041 3382 1097 3449 καὶ
1125 3385 1211 3452 άπε-

257 3537 430 3610 θμάγιστερ
449 3541 482 3595 V.
577 3535 763 3595 9ἒποίνεσεν
791 3540 824 3597 V.
921 3547 954 3595 17
977 3542 1148 3610 περιχαρίας
1171 3545 1211 3600 V.

186 3615 220 3664 18
238 3613 325 3679 πολῆς
346 3611 376 3666 V.
451 3617 483 3666 19
503 3610 551 3666 καί
569 3611 703 3665 τελειώσω
723 3611 824 3666 desunt
842 3609 906 3666 Μελ.
