2558 4036
478 205 697 271 -55..

91 363 322 452 ἀνθρώπους’
305 367 521 442 επτακοσίους
543 363 598 430 καὶ
621 361 690 450 μετ’
717 365 828 431 αὐτῶν
850 369 960 433 τὸνυ
933 375 1008 431 &vura
1010 381 1105 427 κειται
1112 379 1136 426 ε

92 471 257 539 Μενέλαον
279 473 339 538 τὸν
362 473 470 555 ἀνδρα
492 479 550 556 τῆς
569 469 709 555 Ἑλένης.
755 471 850 538 αὐτοὶ
873 469 911 538 δὲ
948 444 1077 585 ουτέλχζῗ
1089 449 1137 568 ,ἵ

89 577 296 663 οίἝλληνες
327 580 488 663 εἰσῆλθον
520 579 567 654 είς
597 579 638 643 τά
670 583 770 644 πλοῖα
802 579 913 645 αὐτῶν
983 538 1093 652 ρωποι

90 684 139 750 καὶ
172 684 301 765 ἔδειξαν
334 685 385 751 ὅτι
418 686 604 769 φεύγουσιν
637 682 692 750 καί
727 682 925 769 ἀπέρχονται
956 687 1005 764 είς
1035 689 1096 753 τὸν

90 794 184 857 τόπον
206 792 331 858 αὐτῶν·
356 792 477 857 ἐκεῖνοι
500 787 538 856 δέ
561 790 715 876 ἀπῆλθον
733 788 788 856 καί
806 793 999 876 έστησανί
967 816 982 858 ε
998 817 1015 870 ς
1033 794 1095 876 τὴν

95 896 227 963 Τένεδον
254 899 316 982 τὴν
339 906 453 981 νῆσον.
503 895 558 963 καὶ
586 897 622 962 οἵ
650 901 760 984 Τρῶες
789 897 966 986 ἐχάρησαν·
1005 897 1096 983 ἐξηλ-

89 1009 149 1070 θον
169 1013 254 1088 γοῦν
276 1002 332 1071 καὶ
355 1000 448 1070 εἶδον
469 1005 530 1069 τὸν
553 1004 655 1069 ἵππον
678 1005 738 1069 τὸν
761 1005 896 1084 ξύλινον
918 1003 974 1072 καὶ
993 1004 1095 1071 ἐθαύ-

90 1129 188 1192 μασαν
214 1108 270 1176 καὶ
297 1110 501 1195 ἐφοβοῦντο,
534 1112 658 1195 μήποτε
686 1112 737 1176 ἔνι
768 1112 897 1188 τίποτες
925 1111 1094 1197 ἐπιβουλή.

89 1215 169 1300 ὅμως
195 1217 349 1309 ἐνίκησεν
375 1216 397 1301 ἡ
427 1217 532 1301 βουλὴ
560 1224 621 1282 τοῦ
647 1223 748 1300 θεοῦ,
780 1217 851 1300 ἥτις
879 1219 1012 1283 σαλεύει
1034 1220 1095 1284 τὸν

88 1324 238 1407 λογισμὸν
270 1332 338 1388 τῶν
369 1322 574 1407 ἀνθρώπων,
612 1322 693 1387 ὅταν
728 1321 813 1408 θέλη
851 1322 907 1388 ἵνα
943 1323 1092 1410 ἀφανίσῃ
1113 1343 1147 1392 10

89 1428 210 1512 αὐτούς,
234 1427 290 1495 καί
308 1426 498 1513 ἐκλέγονται
515 1429 578 1512 τὴν
596 1430 730 1513 χείρονα
744 1430 873 1514 βουλὴν
891 1430 961 1514 ἥτις
980 1429 1094 1509 ἔδοξεν

89 1535 191 1613 αὐτοῖς
213 1538 287 1601 τότε
310 1535 360 1600 ὅτι
388 1533 479 1601 ἐστὶν
502 1534 619 1621 ἀρίστη
642 1532 698 1600 καὶ
721 1538 872 1620 βελτίστη
896 1539 1013 1621 βουλή,
1037 1537 1094 1602 ἵνα

88 1643 246 1724 βάλλωσιν
277 1644 337 1708 τὸν
374 1642 476 1707 ἵππον
508 1641 638 1707 ἐκείνου
670 1641 763 1719 ἐντὸς
798 1650 856 1726 τῆς
887 1645 1015 1721 πόλεως
1047 1644 1094 1721 είς

88 1750 229 1834 καύχημα
256 1746 311 1814 καὶ
338 1750 386 1825 είς
412 1750 545 1832 μνήμην
573 1748 624 1813 ὅτι
650 1742 760 1831 ἦλθόν
787 1768 867 1813 ποτε
886 1748 922 1813 οί
933 1746 1093 1833 Ἕλληνες

89 1857 129 1931 είς
148 1857 208 1940 τὴν
235 1854 376 1941 Τρωάδα
403 1852 458 1920 καὶ
486 1852 694 1938 ἐπολέμησαν
717 1853 821 1937 αὐτὴν
850 1850 927 1918 δέκα
948 1856 1093 1940 χρόνους

88 1960 135 2027 καί
162 1959 367 2046 ἀνέστρεψαν
394 1963 555 2043 ἄπρακτοι
585 1957 640 2025 καὶ
663 1959 796 2045 ἀφῆκαν
823 1958 961 2026 καὶτὸν
989 1951 1108 2027 ἵππον

88 2068 138 2132 τὸν
168 2068 304 2147 ξύλινον
336 2066 465 2132 ἐκείνου
497 2067 607 2153 ὥσπερ
640 2068 752 2152 δῶρον
784 2074 823 2152 τῇ
848 2062 991 2154 Ἀθηνᾷ,
1021 2067 1093 2150 ἥτις

89 2171 239 2258 ἐρρύσατο
263 2174 385 2251 αὐτοὺς
414 2173 477 2238 άπὸ
505 2181 566 2238 τοῦ
594 2173 762 2257 θανάτου,
795 2170 850 2238 καὶ
881 2171 1093 2257 ὑπέστρεψαν

90 2281 129 2356 είς
148 2283 205 2347 τὸν
228 2276 323 2346 οίκον
347 2280 467 2345 αὐτῶν.
513 2277 583 2344 ἐπεὶ
605 2278 727 2363 μοῦνδ
750 2280 850 2356 ἵππος
868 2280 924 2344 διδ
941 2281 979 2345 τὸ
999 2278 1092 2364 μέγε-

89 2392 144 2464 θος
164 2384 265 2454 οὐδὲν
288 2385 404 2471 ἐχώρει
423 2387 588 2451 εἰσελθεῖν
607 2387 663 2450 διδ
680 2395 737 2469 τῆς
754 2386 861 2470 πάλης
878 2393 937 2469 τῆς
954 2390 1093 2472 πόλεως,
1111 2404 1145 2453 20

90 2499 222 2575 χαλῶσιν
253 2494 291 2558 τὸ
323 2503 430 2577 τεῖχος
461 2489 517 2557 καὶ
549 2491 741 2575 εἰσάγουσιν
773 2491 876 2556 αὐτὸν
908 2493 1009 2559 ἔνδον
1036 2503 1093 2578 τῆς

91 2601 211 2677 πόλεως.
257 2593 327 2664 εἶτα
360 2597 520 2682 ἐποίησαν
551 2599 678 2662 θυσίαν
714 2597 761 2674 είς
791 2599 870 2674 τοὺς
901 2600 1005 2675 θεοὺς
1036 2597 1092 2665 καὶ

91 2703 218 2787 ἤρξαντο
246 2704 376 2771 ἐσθίειν
408 2701 464 2769 καὶ
490 2705 600 2769 πίνειν
629 2701 726 2790 μέχρι
751 2707 886 2770 πολλοῦ.
932 2702 987 2769 καὶ
1010 2706 1091 2789 μετά

91 2818 180 2876 ταῦτα
207 2813 325 2876 έπεσον
353 2811 400 2887 είς
426 2809 536 2875 ὕπνον
563 2810 677 2893 βαθὺν
711 2809 776 2875 ὑπὸ
808 2818 865 2894 τῆς
897 2809 1092 2897 ἀμεριμνίας

92 2913 136 2978 καί
168 2925 223 3001 τῆς
254 2925 358 3002 χαρᾶς
389 2913 444 2983 καὶ
475 2923 533 3000 τῆς
564 2912 671 3001 μέθης
697 2914 753 2982 καὶ
781 2925 849 2982 τῶν
878 2919 992 2984 κόπων
1023 2929 1091 2984 τῶν

86 3017 309 3108 ’πολυχρονίων
332 3021 478 3088 ἐκείνων.
524 3021 560 3087 οί
581 3018 618 3087 δὲ
642 3021 830 3088 ἑπτακόσιοι
850 3025 971 3106 ἀνδρες
993 3022 1049 3089 καί
1072 3024 1090 3090 δ

92 3127 250 3205 Μενέλαος
268 3126 460 3206 ἐξελθόντες
482 3139 634 3214 κριιπτῶς
656 3128 823 3213 ἀνέβησαν
842 3132 889 3206 είς
906 3132 985 3206 τοὺς
1007 3131 1091 3215 πάρ-

91 3253 159 3312 ηους
192 3233 247 3301 καὶ
284 3229 386 3321 εὗρον
422 3233 544 3311 αὐτοὺς
585 3234 797 3320 ἀφυλάκτους
833 3232 889 3300 καὶ
929 3234 1090 3320 ἐποίησαν

89 3344 285 3428 φρυκτωρίας
307 3338 362 3407 καὶ
384 3342 533 3426 πυρσοὺς
550 3341 658 3425 ἤγουν
676 3343 806 3425 φανοὺς
824 3342 871 3417 είς
888 3342 948 3406 τὸν
967 3344 1089 3408 στόλου

154 3575 193 3626 15.
209 3576 242 3625 16
253 3568 342 3638 αὐτὴν
355 3602 383 3610 -
396 3566 574 3639 ἀνέστρεψαν
585 3585 638 3623 om.
648 3567 776 3638 intexta,
786 3569 873 3624 adeor.
884 3569 913 3624 in
923 3585 1011 3640 marg.
1023 3570 1089 3628 Vat.
