2558 4036
605 229 824 294 ..60-

210 389 327 472 τιοιλον,
351 388 431 474 ὅπερ
455 385 565 474 μέλλει
587 383 746 471 γενέσθαι
769 386 858 475 αὐτῷ
881 386 1004 470 ὁδηγὸς
1024 395 1092 452 ποῦ
1115 386 1207 472 μέλλει

209 497 319 559 κτίσαι
332 495 393 578 τὴν
406 494 515 577 πόλιν,
535 491 645 578 μέλλει
659 502 819 578 γεννῆσαι
833 495 880 570 είς
893 495 953 559 τὸν
970 494 1074 558 τόκον
1097 492 1207 560 ἐκεῖνον

209 599 265 666 καὶ
293 601 374 685 μετὰ
400 600 582 677 τοσούτους
608 602 752 687 χρόνους
778 599 841 665 ὅσα
870 600 987 665 παιδία
1015 602 1156 687 γεννήσῃ
1178 603 1206 665 τὸ

210 706 426 794 τετράτοιλον,
450 704 615 791 μέλλωσιν
639 706 675 771 oc
692 705 853 790 ἀπόγονοι
872 704 976 772 αὐτοῦ
993 708 1103 772 κτίσαι
1122 709 1207 792 άλλην

210 816 309 880 πόλιν
351 813 497 898 μεγάλην
537 811 592 878 καί
629 813 899 897 πολυάνθρωπον
940 810 995 878 καὶ
1034 813 1207 898 εὐδαίμονα.

211 923 302 1004 ἔλεγε
317 916 354 985 δέ
372 928 471 985 τοῦτο
491 921 547 984 διὰ
564 917 769 1004 τὴνἍλβαν.
810 918 828 984 6
847 928 932 1003 γοῦν
950 922 1088 996 Αἰνείας
1105 918 1208 1004 ἤρξατο

178 1029 333 1105 ικτίζειν
363 1027 424 1109 τὴν
450 1028 550 1092 πόλιν
577 1028 624 1103 είς
650 1028 710 1092 τὸν
737 1029 841 1092 τόπον
868 1026 999 1092 ἐκεῖνον
1025 1028 1111 1092 ἔνθα
1137 1024 1210 1109 ἐγέν-

157 1183 199 1238 ms·
209 1181 261 1241 mo!
270 1182 373 1226 Amtrov
395 1148 477 1216 νησε
507 1132 545 1196 τὸ
579 1135 671 1212 ζῶον.
720 1132 738 1197 6
771 1129 809 1198 δὲ
844 1135 1001 1216 βασιλεὺς
1031 1141 1089 1216 τῆς
1120 1133 1211 1218 χώρας

158 1255 201 1338 ¹⁰?
214 1251 375 1313 μασιιέοιιῆι
397 1237 524 1323 ἐκείνης
558 1238 696 1324 ὀνόματι
727 1242 874 1317 Λατῖνος
909 1239 1030 1323 μαθὼν
1061 1241 1100 1305 τὸ
1131 1238 1211 1323 γένος

160 1337 237 1386 χωρας
261 1324 374 1368 Aaaetvwv.
397 1341 482 1429 ἦλθε
504 1343 560 1412 καὶ
583 1343 735 1430 ἐπολέμει
753 1346 833 1431 μετὰ
850 1353 911 1411 τοῦ
930 1346 1071 1410 Αίνείου
1089 1342 1142 1410 καὶ
1158 1355 1212 1409 τῶν

210 1446 395 1535 Ἑλλήνων,
423 1452 480 1517 ἵνα
510 1450 651 1538 ἐκβάλλῃ
680 1451 783 1517 αὐτὸν
809 1452 873 1516 ἀπὸ
899 1460 957 1536 τῆς
984 1451 1094 1536 χώρας
1116 1451 1213 1516 αὐτοῦ.

215 1557 249 1622 oc
272 1554 309 1623 δὲ
331 1555 407 1624 θεοὶ
426 1559 483 1623 διὰ
502 1559 623 1635 νυκτὸς
641 1556 776 1641 λέγουσι
794 1566 839 1646 τῷ
859 1561 1006 1646 Λατίνῳ,
1028 1557 1085 1623 ἵνα
1104 1556 1214 1636 δέξεται

213 1666 273 1730 τὸν
305 1665 413 1749 άνιλρα
440 1673 561 1730 τοῦτον
591 1663 647 1730 καὶ
679 1666 739 1730 τὸν
771 1665 854 1731 λαὸν
886 1664 991 1730 αὐτοῦ
1023 1662 1079 1731 καὶ
1108 1667 1214 1748 τιοιηση
1252 1701 1253 1710 ¹

215 1773 331 1855 φιλίαν
358 1770 414 1838 καὶ
442 1770 574 1855 ἀγάπην
605 1768 675 1856 μετ’
709 1771 827 1854 αὐτοῦ,
856 1770 907 1836 ὅτι
938 1780 1037 1837 τοῦτο
1066 1773 1156 1837 ἔσται
1180 1771 1216 1846 είς

161 1905 210 1953 ις’,
234 1909 376 1969 συμμιμαως
397 1875 481 1962 μέγα
508 1880 630 1961 ὄφελος
658 1877 770 1943 αὐτοῦ.
814 1878 967 1961 ἦλθοσαν
999 1887 1085 1960 γοῦν
1117 1876 1135 1942 6
1161 1879 1217 1941 Λα·
1253 1895 1254 1908 ’

159 1980 291 2095 Λῖῖῗῇίζοῖ
309 1979 368 2094 ἷαίι
399 1994 491 2061 τίνος
525 1982 581 2049 καὶ
617 1983 635 2049 6
670 1986 808 2060 Αίνείας
845 1986 892 2061 είς
928 1982 1144 2069 ουμβιβάοεις
1173 1978 1218 2047 καὶ

163 2134 199 2171 ως
225 2122 267 2165 wo
292 2062 377 2165 2va]
399 2091 524 2156 ἔδωκεν
547 2090 565 2156 6
588 2094 733 2168 Λατῖνος
753 2091 815 2174 τὴν
837 2089 1009 2176 θυγατέρα
1036 2090 1143 2157 αὐτοῦ
1163 2093 1220 2154 Λοι-
1254 2107 1255 2130 ³

239 2193 296 2238 νίον.

400 2198 500 2281 βίναν
519 2199 566 2274 είς
584 2207 726 2280 γυναῖκα
749 2198 833 2282 πρὸς
854 2198 913 2263 τὸν
932 2199 1074 2263 Αίνείαν
1094 2194 1148 2262 καί
1170 2197 1221 2278 τὴν

214 2303 325 2390 κύκλῳ
357 2303 470 2388 χώραν
501 2313 563 2370 τοῦ
593 2305 699 2369 τόπου
731 2302 862 2369 ἐκείνου
894 2301 949 2369 καὶ
980 2311 1041 2368 τοῦ
1070 2305 1222 2386 αἰγιαλοῦ.

163 2427 198 2476 20
218 2409 236 2475 6
256 2411 293 2477 δε
316 2411 453 2486 Αίνείας
476 2411 581 2475 ἔκτισε
604 2410 665 2493 τὴν
686 2412 785 2475 πόλιν
803 2407 857 2475 καὶ
877 2410 1051 2494 ὠνόμασεν
1069 2411 1108 2475 τὸ
1127 2411 1223 2491 ὄνομα

216 2515 318 2602 αὐτῆς
344 2517 499 2600 Λαβίναν
527 2519 565 2582 τὸ
593 2517 700 2600 ὄνομα
727 2525 785 2599 τῆς
811 2519 969 2600 γυναικὸς
997 2515 1120 2599 αὐτοῦ,
1153 2516 1223 2596 ὅπερ

215 2624 310 2708 ἡμεῖς
342 2621 521 2708 ἑλληνικῶς
552 2620 692 2707 λέγομεν
729 2624 925 2688 Λαιούνιον.
977 2623 1024 2700 είς
1059 2632 1160 2689 τοῦτο
1194 2619 1224 2682 τὸ

215 2731 403 2796 Λαιούνιον
423 2732 546 2814 ἔθηκεν
564 2728 583 2794 6
601 2731 739 2806 Αίνείας
756 2730 836 2806 τοὺς
853 2731 956 2805 θεοὺς
974 2731 1054 2807 τοὺς
1071 2728 1226 2815 τρωικοὺς

216 2834 271 2903 καὶ
298 2837 339 2901 τὰ
368 2836 440 2921 ίερολ
468 2835 579 2900 αὐτῶν
610 2833 665 2900 καὶ
692 2836 732 2900 τά
759 2835 926 2901 παλλάδια
952 2833 1008 2900 καὶ
1035 2834 1227 2917 κατέστησεν

218 2940 334 3028 ἑορτάς
360 2939 415 3006 καὶ
448 2944 571 3018 θυσίας
603 2938 658 3006 καὶ
694 2943 895 3027 πανηγύρεις
927 2941 1010 3006 κατὰ
1041 2943 1103 3008 τὸν
1129 2940 1228 3006 τύπον

162 3059 197 3108 τ’.
232 3063 307 3113 κτίσις
323 3057 383 3118 μετὰ
405 3046 522 3112 ὅντινα
544 3046 682 3113 ἐποίουν
705 3047 789 3112 αὐτὰ
812 3050 858 3124 είς
880 3048 942 3132 τὴν
965 3047 1115 3133 Τρωάδα.
1158 3043 1229 3131 μετὰ

162 3129 223 3254 vav?
233 3129 377 3265 τῆςῖᾼλὲας
422 3149 438 3218 6
474 3153 650 3239 τριάκοντα
687 3156 830 3240 χρόνους
871 3152 1070 3239 ηὐξήθησαν
1109 3155 1147 3220 oc
1181 3153 1229 3215 άν-

210 3273 325 3332 Λούνκαι
401 3267 534 3346 θρωποι
561 3269 622 3326 τοῦ
650 3261 836 3325 Λαιουνίου
864 3258 921 3325 καὶ
948 3259 1230 3345 έστενοχωροῦντο

218 3366 274 3434 καὶ
297 3365 537 3433 ἀποστέλλουσι
565 3363 620 3430 καὶ
648 3368 815 3444 κτίζουσιν
846 3367 894 3443 είς
921 3368 1025 3432 τόκον
1055 3369 1161 3432 καλὸν
1183 3357 1231 3428 καὶ

292 3597 324 3644 12
344 3589 463 3657 ὃέξαται
480 3592 544 3646 Vat.
