2546 4042
494 223 713 288 „39-

89 380 228 470 Θράκης
238 379 331 447 ἐστὶν
344 382 365 464 ἡ
378 389 482 464 νῆσος
494 382 543 458 είς
555 381 674 464 ἥντινα
687 384 895 465 κατήντησαν
905 382 924 448 ὁ
934 382 1113 513 ἀρααδμιὸς

91 493 223 572 στόλος,
247 489 266 555 δ
289 486 364 572 περὶ
387 498 447 572 της
469 489 616 572 ἱστορίας
637 491 736 571 λόγος
753 489 873 572 μικρὸν
893 487 1111 573 ἀναμεινάτω.

89 596 285 682 οίάρχαῖοι
308 592 470 678 ἱστορικοὶ
491 591 548 657 καὶ
570 595 762 679 γεωγράφοι
783 595 845 678 την
862 604 927 679 γῆν
961 595 1008 647 μί
1031 591 1083 676 ξ”λῖ
1103 594 1147 648 ’λ’

963 660 1153 724 &Momm

91 702 176 786 ὅλην
199 704 392 830 μεριζρυσιν
415 701 496 784 μετὰ
518 705 681 830 λογισμοῦ
698 698 753 764 καλ
776 701 928 779 διανοίας
976 729 1029 788 τμη,
1045 735 1117 790 75„

91 810 141 885 εἰς
161 811 241 888 τρία
263 805 356 892 μέρη.
388 803 491 870 καὶ
461 830 499 872 το
518 803 580 891 μὲν
597 807 636 870 ἓν
653 804 754 890 μέρος
771 807 929 890 λέγουσιν
949 800 1004 846 '⁴¹⁰'
979 817 1033 848 Μ’
1041 803 1166 920 1²3v
1121 805 1166 849 Α

85 913 216 998 Ἀσίαν,
237 916 276 980 τὸ
301 910 382 978 δέ”
360 936 476 1000 ετερον
497 913 730 998 Εὐρώπην,
699 936 737 978 το
759 909 797 979 δὲ
814 916 929 998 τρίτον
949 872 1066 934 ‘Hm
1031 959 1083 1003 ,ῃ
1120 873 1166 938 Ψ

89 1021 229 1105 Λιβύην
255 1017 312 1086 καὶ
338 1014 514 1105 Ἀφρικήν·
555 1021 622 1104 ἔχει
650 1021 714 1104 γάρ
741 1029 840 1085 τοῦτο
862 1022 901 1085 τὸ
924 1019 1025 1106 μέρος
1047 1023 1111 1088 δύο

89 1128 251 1212 ὀνόματα.
297 1129 368 1190 ἔστι
399 1135 485 1210 γοῦν
509 1124 603 1190 Ἀσία
635 1126 681 1201 ὡς
711 1124 774 1210 μέν
804 1150 893 1204 τινες
919 1132 1112 1214 γεωγράφοι

89 1232 231 1317 λέγουσι
259 1232 324 1298 ἀπὸ
352 1233 605 1308 τοῦΤανάῑδος
630 1241 782 1317 ποταμοῦ
809 1233 850 1298 ὃν
872 1234 910 1298 οί
927 1233 1038 1300 κοινοὶ
1060 1234 1112 1301 λέ

88 1356 193 1424 γουσι
220 1340 345 1423 Τάναν,
368 1340 414 1415 ὡς
436 1336 474 1405 δὲ
496 1338 604 1424 έτεροι
621 1337 778 1422 λέγουσιν
796 1338 860 1404 ἀπὸ
881 1349 943 1404 τοῦ
963 1342 1112 1419 Φάσιδος
1131 1361 1164 1409 10

87 1454 246 1530 ποταμοῦ
273 1446 311 1522 ὅς
338 1445 407 1511 ἐστι
429 1448 574 1528 πλησίον
594 1453 653 1528 τῆς
678 1449 940 1531 Τραπεζοῦντος,
969 1447 1032 1524 ἕως
1053 1457 1112 1532 τῆς

89 1554 232 1637 ἐκβολῆς
259 1561 323 1618 τοῦ
344 1554 473 1617 Νείλου
504 1561 655 1636 ποταμοῦ
683 1552 774 1630 ὅστις
800 1553 947 1637 ἐκβαίνει
975 1556 1023 1631 είς
1048 1555 1112 1638 την

86 1660 271 1724 θάλασσαν
306 1667 364 1741 τῆς
396 1652 651 1744 Ἀλεξανδρείας.
699 1668 799 1724 τοῦτο
835 1660 900 1745 γὰρ
936 1661 974 1724 τὸ
1011 1659 1111 1745 μέρος

89 1765 224 1849 λέγεται
251 1761 353 1831 Ἀσία.
398 1763 500 1828 πάλιν
532 1763 596 1830 ἀπὸ
628 1774 687 1849 τῆς
717 1764 855 1849 ἐκβολῆς
889 1773 950 1830 τοῦ
982 1769 1110 1831 Νείλου

87 1881 244 1956 ποταμοῦ
257 1880 319 1936 τοῦ
332 1871 545 1954 ἐκβαίνοντος
563 1873 611 1947 εἰς
627 1871 691 1954 τὴν
704 1871 880 1936 θάλασσαν
892 1881 951 1956 τῆς
961 1868 1111 1950 Ἀλεξαν-

89 1980 207 2063 δρείας
230 1978 276 2054 ὡς
302 1983 429 2063 εἴρηται
453 1976 521 2053 ,ἕως
546 1985 608 2042 τοῦ
642 1975 717 2054 ένὸς
749 1979 855 2060 άκρου
881 1985 939 2062 τῆς
967 1986 1028 2061 γῆς
1049 1987 1111 2044 τοῦ

90 2085 295 2151 ἀνατολικοῦ
312 2085 420 2167 ἤγουν
441 2091 503 2148 τοῦ
521 2084 682 2166 στόματος
699 2092 760 2148 τοῦ
778 2083 866 2149 κάτω
885 2093 1005 2150 στενοῦ
1027 2085 1109 2171 ὅπερ

87 2192 136 2268 ὡς
155 2193 359 2275 προείπομεν
376 2195 538 2255 καλοῦσιν
557 2189 593 2254 οί
606 2193 748 2255 Λατῖνοι
763 2189 890 2274 Στρέτο
906 2195 1109 2277 Ζουμιιλῖτα,

89 2297 223 2380 λέγεται
246 2297 358 2379 Λιβύη
385 2293 441 2360 καὶ
464 2293 612 2380 Ἀφρική.
656 2296 758 2362 πάλιν
784 2296 848 2362 ἀπὸ
875 2307 937 2362 τοῦ
962 2298 1111 2375 Φάσιδος

88 2411 245 2488 ποταμοῦ
267 2402 288 2486 ἢ
311 2411 373 2468 τοῦ
400 2402 564 2479 Τανάϊδος
585 2403 669 2488 πρὸς
690 2403 754 2485 τὴν
774 2403 1029 2489 τραμουντάναν
1047 2403 1110 2482 ἕως
1128 2424 1164 2473 20

87 2520 154 2576 τοῦ
184 2510 289 2574 άλλου
320 2509 529 2594 ἀκρωτηρίου
560 2517 621 2573 τοῦ
657 2509 744 2573 κάτω
775 2518 912 2592 στενοῦ,
949 2512 996 2586 είς
1028 2510 1109 2596 ὅπερ

87 2617 296 2702 προείπομεν
324 2615 375 2680 ὅτι
405 2613 557 2699 ἀπῆλθεν
580 2614 782 2699 ὁἩραιιλῆς
808 2613 862 2679 καὶ
891 2618 1030 2701 ἔστησεν
1051 2618 1110 2695 τὰς

88 2725 217 2806 στήλας
245 2721 364 2804 αὐτοῦ,
397 2718 526 2804 λέγεται
554 2720 709 2807 Εὐρώπη.
759 2719 888 2804 λέγεται
920 2719 958 2787 δὲ
989 2732 1111 2800 κοινῶς

89 2833 131 2895 τά
151 2825 214 2914 μὲν
234 2829 296 2892 δύο
315 2825 397 2914 μέρη
417 2835 474 2912 τῆς
491 2836 552 2912 γῆς
568 2829 677 2911 ἤμουν
694 2827 715 2911 η
735 2825 828 2893 Ἀσία
846 2825 901 2894 καὶ
922 2828 943 2912 ἡ
962 2828 1109 2914 Εὐρώπη

89 2935 241 3018 ἀνατολὴ
263 2930 318 3000 καὶ
339 2934 443 3011 δύσις.
475 2928 549 3017 ἡδὲ
562 2934 673 3020 Λιβύη
687 2945 814 3000 νοεῖται
831 2932 887 3028 καὶ
901 2935 983 3019 αῦτη
999 2935 1110 3021 ὥσπερ

89 3043 250 3125 ἀνατολη,
266 3037 420 3105 διότικαὶ
435 3040 517 3121 αὕτη
531 3041 701 3125 πλησιάζει
713 3042 796 3125 πρὸς
813 3042 876 3125 την
890 3045 1111 3127 μεσημβρίαν,

88 3149 179 3214 ὅπου
203 3147 388 3233 εὑρίσκεται
410 3146 551 3212 πάντοτε
575 3146 713 3230 δῆλιος.
755 3147 858 3230 ημάρ
877 3149 1024 3233 Εὐρώπη
1044 3151 1110 3234 ἔχει

89 3257 152 3320 τὸν
176 3255 274 3338 ἥλιον
300 3254 431 3339 μακρὰν
459 3253 545 3337 παρὸ
573 3254 613 3317 τά
642 3253 704 3318 δύο
735 3252 818 3338 μέρη
843 3254 953 3319 ἐκεῖνα
974 3252 1030 3319 καὶ
1054 3256 1111 3332 διὰ

88 3369 192 3427 τοῦτο
212 3358 340 3444 λέγεται
358 3357 414 3425 καὶ
434 3359 537 3435 δύσις.
570 3358 637 3426 Διὰ
655 3367 755 3424 τοῦτο
774 3357 862 3442 λέγει
881 3358 1109 3444 ὁΔιονύσιος,

165 3592 201 3641 24
220 3585 326 3658 ενρόπη
341 3587 406 3642 Vat.
