2558 4036
507 231 725 298 ..53-

103 403 176 458 τῶν
205 389 278 475 μετ’
309 390 433 472 αὐτοῦ,
461 389 583 468 οἵτινες
609 388 754 474 ἐξῆλθον
783 390 847 457 ἀπὸ
875 399 932 476 τῆς
954 387 1129 478 Ἀρκαδίας

103 496 162 564 καί
186 493 384 586 κατῴκησαν
407 507 542 582 πρῶτον
565 498 613 574 εἰς
634 498 696 580 τὴν
720 493 952 586 Σαμοθρᾴκην
974 495 1029 564 καί
1048 499 1128 583 μετὰ

102 613 212 670 ταῦτα
236 602 380 687 ἐξῆλθον
411 600 467 667 καὶ
493 600 689 690 κατῴκησαν
716 605 796 688 μετά
823 611 884 669 τοῦ
910 603 1059 690 Τεύκρου
1081 605 1129 683 εἰς

102 715 187 788 τοὺς
214 713 339 787 τόπους
361 707 525 792 ἐκείνους,
549 709 606 774 ἵνα
628 717 720 794 φανῇ
749 709 805 774 διδ
827 710 975 794 πάντων,
1000 710 1051 776 ὅτι
1073 707 1129 776 καί

105 819 144 883 οἰ
165 822 278 903 Τρῶες
300 813 355 880 καί
377 817 419 879 τὰ
437 814 586 898 άπόγονα
609 814 721 881 αὐτῶν
740 813 776 881 ἐκ
794 813 913 900 γένους
930 811 1017 900 ἦσαν
1036 814 1129 902 ἑλλη-

105 932 207 989 νικοῦ
235 920 292 988 καί
321 920 416 999 τέλος
440 920 577 1006 γένηται
599 921 818 1008 συμπέρασμα
844 923 895 989 δτι
922 919 977 988 καὶ
1000 921 1036 989 οδ
1055 919 1130 990 Ῥω-

106 1040 212 1115 μᾶνοι
249 1028 399 1113 ἀπόγονοι
432 1029 526 1105 ὄντες
561 1038 622 1094 τοῦ
654 1030 795 1094 Αἰνείου
826 1027 881 1094 καί
919 1040 987 1095 τῶν
1018 1030 1130 1096 ἄλλων

110 1137 240 1220 Τρώων
264 1135 385 1212 οἵτινες
409 1129 496 1218 ἦσαν
519 1131 587 1219 μετ’
615 1132 744 1200 ἐκείνου
768 1134 849 1200 ὅταν
870 1131 977 1219 ἦλθεν
1000 1137 1047 1214 είς
1069 1137 1130 1222 την

106 1240 265 1324 Ἰταλίαν,
289 1241 351 1306 οἰκ
373 1242 437 1306 εἰσι
460 1241 624 1326 βάρβαροι
646 1239 702 1306 καὶ
724 1237 854 1308 ίθνικοί
877 1243 1053 1328 ἄνθρωποι
1076 1243 1131 1312 καί

109 1349 318 1431 ἀπαίδευτοι,
342 1347 425 1412 ἀλλὰ
448 1345 608 1432 Ἕλληνες
633 1345 689 1413 καί
705 1342 875 1432 Ἑλλήνων
903 1347 1052 1432 άπόγονα
1074 1357 1130 1426 καὶ
1151 1363 1183 1413 10

113 1456 172 1520 διὰ
195 1463 295 1519 τοῦτο
323 1453 449 1539 ἔντιμοι
476 1452 532 1519 καί
559 1456 715 1539 χρήσιμοι
738 1455 922 1542 ἅνθρωποι.
968 1451 1022 1520 καὶ
1046 1453 1129 1539 αὕτη

108 1559 202 1628 έστίν
232 1560 254 1644 ἡ
277 1560 365 1625 αἰτία
390 1555 436 1624 δι’
465 1559 509 1643 ἣν
532 1561 734 1645 μνημονεύει
762 1571 819 1645 της
842 1557 1069 1648 Σαμοθρᾴκης
1087 1560 1132 1639 ὡς

107 1673 256 1751 εἰπομεν.
290 1663 373 1749 ἡδὲ
397 1663 563 1752 ἕτέραίτ
510 1690 563 1731 ατ
565 1669 598 1731 ἰα
565 1662 665 1730 ἰ’δι
687 1665 730 1749 ἣν
748 1667 950 1752 μνημονεύει
968 1691 1060 1748 με,
1036 1695 1167 1760 mmm
1121 1695 1184 1744 ama

104 1774 209 1838 πάλιν
236 1781 294 1856 της
321 1769 549 1860 Σαμοθρᾴκης
575 1771 612 1837 έν
640 1769 740 1860 ἑτέρῳ
767 1774 857 1860 τόκῳ
880 1782 942 1838 τοῦ
982 1763 1016 1851 δ’,
1037 1763 1115 1826 vi
1051 1781 1171 1826 'W'

109 1880 217 1945 αὐτοῦ
246 1880 380 1963 βιβλίου
413 1877 469 1944 καί
501 1882 604 1962 λόγου
636 1875 705 1944 ἐστὶ
738 1879 794 1944 διδ
826 1855 982 1945 εἰδωλα
983 1907 1101 1974 ³⁰4⁸¹⁶
997 1835 1172 1996 ᾞςηκο.
1127 1853 1184 1896 “⁰⁸⁹

109 1991 204 2051 θεῶν
227 2008 331 2051 τινων
354 1983 537 2070 ἕλληνικών
560 1994 711 2070 τρωικών
734 1985 830 2050 άτινα
858 2007 948 2070 μετε-
1038 1979 1123 2033 Μωί·

110 2095 253 2176 κόμισεν
275 2091 294 2157 ὁ
318 2093 455 2168 Αἰνείας
478 2090 542 2156 ἀπὸ
565 2101 623 2175 της
649 2092 861 2177 Τρωάδοςί
830 2115 877 2169 ες
903 2092 965 2176 τὴν
987 2089 1131 2159 Ἰταλίαν

111 2196 169 2264 καί
192 2199 372 2283 ἔθηκενί
341 2221 387 2274 ες
408 2198 447 2263 τὸ
470 2198 664 2264 Λαιούνιον.
696 2194 751 2264 καί
775 2197 839 2264 άιιὸ
862 2207 923 2266 τοῦ
946 2201 1133 2265 Ααιουνίου

112 2305 151 2370 οἰ
174 2304 337 2388 άπόγονοι
365 2305 470 2369 αὐτοῦ
493 2307 709 2389 μετεκόμισαν
731 2305 832 2370 πάλιν
851 2306 899 2384 εἰς
921 2307 982 2390 τὴν
997 2303 1133 2390 ’Ἄλβαν

111 2412 234 2495 ἥντινα
262 2413 394 2476 ἔκτισαν
422 2413 521 2476 πόλιν
551 2412 712 2495 μεγάλην·
749 2409 804 2476 καί
833 2411 916 2476 αὐτοὶ
942 2413 983 2476 τδ
1010 2411 1133 2478 είδοιλοι
1150 2425 1186 2478 κο

112 2519 171 2583 διὰ
194 2518 314 2595 νυκτὸς
337 2520 466 2602 ἔφυγον
489 2517 553 2582 ἀπὸ
575 2525 633 2601 τῆς
649 2515 773 2601 ’Ἀλβας
795 2514 850 2582 καί
873 2516 1063 2603 εὑρέθησαν
1086 2519 1134 2595 εἰς

113 2625 153 2689 τὸ
176 2624 373 2689 Ααιούνιου.
418 2621 474 2688 καί
502 2625 582 2708 μετὰ
604 2625 749 2700 πολλοὺς
778 2625 921 2708 χρόνους
944 2621 1133 2707 εὑρέθησαν

112 2730 163 2807 εἰς
184 2729 247 2812 τὴν
264 2725 405 2815 Ῥώμην,
429 2730 543 2807 καθὼς
565 2727 652 2814 λέγει
675 2729 781 2807 οὕτως
803 2729 821 2795 ὁ
844 2730 1037 2807 Διονύσιος.
1078 2725 1133 2794 καί

113 2829 206 2902 εἰδεν
228 2832 283 2900 καί
307 2831 404 2912 οὗτος
427 2835 496 2901 ἐκεῖ
516 2838 563 2913 εἰς
580 2837 641 2920 τὴν
660 2833 785 2921 Ῥώμην
805 2838 852 2913 εἰς
869 2837 1013 2913 πολλοὺς
1031 2838 1135 2915 ναοὺς

112 2941 155 3008 οὐ
184 2942 225 3007 τά
252 2943 416 3008 καθολικά
445 2942 554 3009 ἐκεῖνα
581 2939 636 3008 καί
664 2953 777 3027 πρῶτοι
810 2943 948 3028 είδωλα,
980 2941 1063 3009 άλλδ
1094 2943 1135 3008 ιδ

114 3047 309 3133 ὁμοιώματα
332 3049 443 3114 αὐτῶν
467 3051 574 3132 ἤγουν
595 3050 636 3114 τά
659 3050 780 3115 εἰδωλοι
803 3060 870 3115 τῶν
896 3051 1045 3116 εἰδώλων
1067 3058 1135 3114 τῶν

114 3155 259 3239 πρώτων
281 3156 379 3221 άτινα
400 3157 526 3239 ἤγαγεν
550 3154 568 3220 ὁ
591 3157 728 3233 Αἰνείας
750 3155 815 3222 άπὸ
838 3165 895 3242 τῆς
916 3155 1073 3240 Τρωάδος
1091 3155 1136 3232 ὡς

114 3266 260 3346 εἰτομεν.
306 3262 461 3344 βούλεται
488 3272 573 3345 γοῦν
601 3262 657 3325 ἵνα
690 3261 798 3347 δείξη,
832 3262 882 3327 ὅτι
914 3259 968 3327 καί
997 3261 1032 3326 οἰ
1056 3260 1134 3326 θεοὶ

116 3367 212 3433 οὔτοι
236 3368 272 3433 οἰ
291 3365 426 3453 τρωικοί
449 3377 510 3434 τοῦ
534 3370 673 3433 Αἰνείου
695 3363 782 3452 ἦσαν
806 3365 989 3452 ἑλληνικοί,
1014 3367 1134 3444 οἵτινες

190 3600 215 3651 δ.
236 3601 251 3650 ’ί
272 3593 407 3666 ἀπόγονοι
426 3595 505 3650 codd.
580 3601 613 3650 19
631 3593 700 3650 πάλι
719 3595 780 3653 Vah
