2542 4046
473 197 690 260 -41-

89 351 149 437 γὰρ
173 351 316 438 ὑπῆρχεν
335 353 482 420 ἐνταῦθα
500 355 521 439 ῆ
540 356 682 440 Σηστός,
706 355 742 419 οί
758 356 794 420 δε
812 353 923 421 κοινοὶ
940 354 1098 440 λέγουσιν

89 459 124 522 τὸ
156 457 358 548 άκρωτῆριον
390 459 543 547 Κριθέαν
581 499 615 510 -
655 459 711 544 καὶ
747 462 848 528 πάλιν
880 460 943 526 ἀπὸ
975 465 1097 529 τοῦτον

92 561 205 651 όιέλθη
227 568 285 632 τόν
308 569 460 652 αἰγιαλὸν
482 576 544 634 τοῦ
564 570 692 634 κόλπου
710 577 770 633 τοῦ
790 567 958 652 Μέλανος,
982 571 1097 635 ὅντινα

90 675 243 739 καλοῦσιν
270 674 305 739 oc
329 674 437 741 κοινοὶ
465 678 591 741 κόλπον
620 683 680 742 τοῦ
703 677 935 760 Μαγαρισίου,
963 673 1098 759 καὶτῆς

92 780 195 842 Λίνον
229 777 284 844 καὶ
316 781 357 846 τὰ
393 783 502 870 κύκλῳ
544 789 601 865 τῆς
638 786 746 846 Λίνου
787 779 882 867 μέχρι
914 785 1098 870 Μαρωνίας

93 881 143 948 καὶ
169 884 281 970 ἐφεξῆς
308 886 370 965 ἕως
397 883 438 953 οὗ
466 890 653 974 καταντήσῃ
681 887 782 953 πάλιν
814 889 861 965 εἰς
892 889 952 954 τὸν
983 887 1097 954 Νίσον

95 994 249 1076 ποταμόν,
276 993 358 1078 αὕτη
386 994 407 1078 ἡ
437 994 626 1080 περιγραφὴ
653 992 709 1059 καὶ
736 994 757 1078 ἡ
784 1003 826 1079 γῆ
854 1003 943 1061 πάσα
970 993 1133 1162 λέγεται7

96 1093 208 1183 Θρᾴκη.
247 1098 335 1185 λέγει
358 1109 444 1184 γοῦν
465 1101 578 1177 καθὼς
601 1103 728 1184 ἔφημεν
752 1100 770 1166 6
789 1101 966 1166 Λιονν

96 1217 174 1286 στος,
202 1205 252 1270 ότι
284 1204 302 1272 6
331 1210 448 1285 στόλος
475 1202 573 1284 οὗτος
600 1215 661 1270 τοῦ
684 1207 868 1291 Δαρδάνου
897 1202 951 1272 6
942 1183 1090 1318 JAJ
1072 1130 1154 1307 52⁵⁷}

94 1307 260 1392 ἀρκαόικὸς
274 1313 330 1377 διὰ
343 1323 404 1379 τοῦ
418 1316 572 1398 αἰγιαλοῦ
585 1321 643 1397 τῆς
657 1313 784 1390 θύσεως
797 1315 967 1397 κατήν-κα
937 1324 1077 1384 οντα
1093 1339 1136 1382 μετ
1112 1324 1154 1371 ιτὰ

94 1433 184 1498 τησεν
206 1419 251 1496 είς
273 1420 313 1484 τά
336 1418 418 1504 μέρη
442 1429 500 1504 τῆς
522 1415 655 1505 Θράκης
672 1416 728 1483 καὶ
751 1416 901 1503 έξέβηί
869 1443 916 1498 ες
1059 1469 1140 1525 Σαομ

96 1526 191 1606 νῆσόν
218 1548 292 1590 τινα
319 1535 377 1609 τῆς
401 1523 535 1612 Θράκης
560 1526 667 1609 ῆγονν
695 1527 742 1602 είς
769 1526 830 1609 τὴν
851 1535 917 1591 νῦν
939 1538 1069 1600 &orm
1040 1538 1104 1666 κγΝ
1092 1551 1155 1654 πγε

97 1629 297 1716 καλουμένην
328 1629 570 1719 Σαμοθρηίκην.
626 1629 713 1714 λέγει
745 1641 829 1715 γοῦν
865 1627 984 1696 ότιω
956 1697 984 1738 ν
986 1626 1036 1724 σίζον
1063 1625 1132 1726 jem

97 1731 189 1801 οὐδὲν
218 1738 374 1821 γινώσκει
406 1738 457 1803 ὅτι
488 1739 526 1804 τὸ
565 1739 684 1821 νησίον
716 1746 815 1802 τοῦτο
852 1743 916 1802 εἴτε
965 1752 1083 1807 zama
1019 1749 1083 1812 ιόθε
1085 1768 1120 1809 κν

96 1843 331 1927 οἰκούμενον*
314 1852 440 1974 υπῆρχε
468 1841 523 1909 καὶ
552 1845 616 1927 πρὸ
648 1851 709 1908 τοῦ
741 1842 855 1908 ἐλθεῖν
887 1843 946 1907 τὸν
978 1845 1099 1909 στόλον

96 1957 206 2016 τοῦτον
229 1952 276 2027 είς
298 1950 380 2014 αὐτὸ
408 1955 472 2016 εἴτε
502 1951 628 2015 άοικον.
673 1957 772 2014 τοῦτο
796 1944 832 2014 δὲ
855 1949 1026 2034 γινώσκει,
1049 1949 1101 2016 ὅτι

97 2053 233 2121 ἀπὸτοῦ
255 2064 374 2140 καιροῦ
397 2055 526 2122 ἐκείνου
551 2054 733 2140 ὠνομάσθη
756 2055 777 2139 ἡ
800 2064 902 2140 νῆσος
925 2056 1008 2141 αὕτη
1031 2060 1101 2122 Σα-

95 2161 253 2250 μοθρᾴκη·
276 2163 340 2248 πρὸ
363 2163 485 2228 τοῦτον
508 2163 571 2247 γὰρ
591 2164 697 2246 ὄνομα
717 2158 818 2227 οὐδέν
837 2157 933 2248 εἶχεν.
970 2159 1100 2246 ἐγένετο

96 2263 137 2332 όὶ·
148 2270 184 2334 τὸ
207 2270 314 2352 ὄνομα
336 2278 394 2352 τῆς
412 2271 519 2351 νῆσον
539 2267 602 2334 ἀπὸ
623 2268 684 2334 δύο
704 2267 877 2353 ὀνομάτων
895 2273 1102 2354 συμπεπλεγ-

96 2372 196 2456 μένων
219 2376 374 2458 ἀλλήλοις
397 2376 434 2440 ἓν
458 2376 565 2455 ὄνομα
588 2375 771 2457 σύνθετον,
801 2375 882 2460 ὅπερ
905 2375 941 2440 oc
960 2379 1101 2442 Λατῖνοι
1120 2392 1156 2442 20

96 2479 222 2566 λέγουσι
248 2484 460 2566 κομπόσιτον.
506 2480 570 2546 άπὸ
598 2482 661 2565 γάρ
688 2489 746 2563 τῆς
773 2480 911 2563 ἀντικρὺ
943 2489 1004 2564 γῆς
1030 2483 1102 2565 ἥτις

95 2585 213 2672 λέγεται
250 2585 364 2675 Θρηίκη
401 2585 456 2654 καὶ
489 2587 654 2671 Σάμωνος
690 2584 765 2663 ἑνὸς
792 2583 974 2670 Ἕλληνος,
1011 2587 1102 2666 ὅστις

96 2693 263 2780 ὑπέμεινεν
282 2693 352 2760 έκεί
368 2693 404 2759 ἐκ
422 2702 483 2759 τοῦ
502 2696 624 2758 στόλου
642 2692 764 2758 τούτου
782 2689 837 2766 καὶ
855 2694 984 2757 ἔκτισεν
1001 2696 1102 2759 πόλιν

96 2797 144 2864 καὶ
162 2805 286 2866 νίκασεν
304 2801 342 2866 τὸ
360 2803 480 2884 νησίον
497 2797 553 2864 καὶ
572 2799 764 2885 ἐκυρίευσεν
783 2797 897 2882 αὐτοῦ,
917 2798 1101 2884 ὠνομάσθη

97 2903 309 2995 Σαμοθρᾴκη,
332 2904 421 2972 τοῦτ’
440 2909 508 2972 ἔστι
531 2913 592 2972 τοῦ
616 2907 780 2991 Σάμωνος
802 2905 822 2988 ἡ
847 2903 971 2994 Θρᾴκη.
1004 2901 1103 2984 οὗτος

97 3007 129 3077 66
150 3011 167 3077 6
185 3013 312 3096 Σάμων
330 3011 480 3098 ὑπῆρχεν
496 3012 570 3090 υίὸς
587 3021 648 3077 τοῦ
666 3017 751 3077 θεοῦ
770 3020 830 3078 τοῦ
845 3011 967 3099 Ἑρμοῦ
986 3014 1102 3080 ὅντινα

97 3119 128 3182 οί
154 3121 291 3184 Λατῖνοι
322 3116 458 3201 λέγουσι
490 3119 716 3204 Μερκοόριον.
765 3121 834 3184 ἔστι
867 3117 905 3184 δέ
937 3120 955 3186 6
984 3118 1102 3205 Ἑρμῆς

98 3219 187 3302 οὗτος
213 3223 267 3290 καὶ
296 3225 400 3311 ἀστὴρ
428 3225 465 3290 έν
493 3232 538 3312 τηῦ
566 3224 701 3311 οὐρανῷ
733 3224 847 3302 καθὼς
878 3223 933 3290 καὶ
966 3225 984 3290 6
1018 3228 1103 3302 Ζεὺς

97 3333 149 3396 καί
167 3329 234 3397 ἐστι
257 3328 312 3396 καὶ
334 3331 415 3408 θεὸς
437 3331 565 3414 ψευδὴς
586 3328 642 3396 καὶ
668 3328 895 3408 ἀνυπόστατος
923 3329 1102 3415 ἑλληνικός.

162 3559 351 3632 ῦμαρωνείας
370 3557 402 3614 V.
