2558 4036
64 1219 67 1226 ι
149 1195 193 1245 §an
220 1192 274 1256 περὶ
295 1196 335 1252 τῆς

587 279 623 288 -
672 219 802 306 43'-

186 399 263 469 οίὸα
302 398 338 468 δὲ
374 412 443 478 πῶς
479 401 657 486 ὠνόμασαν
692 407 795 464 ταῦτα
832 397 937 476 οὕτως
974 400 1010 464 οί
1048 403 1195 486 Τοῦρκοι,

186 508 383 594 στοχάζομαι
408 504 444 573 δὲ
468 507 518 572 ὅτι
541 507 581 572 τά
606 509 668 585 ζῶα
691 504 795 570 ταῦτά
817 505 904 569 εἰσιν
928 505 975 581 είς
1002 510 1132 591 πλῆθος
1155 508 1197 583 είς

185 617 264 692 τοὺς
286 616 433 698 βουνοὺς
455 613 595 690 τούτους
618 613 717 698 άγρια
739 608 795 677 καὶ
817 619 1031 676 κατοικοῦσιν
1056 612 1129 678 ἐκεῖ,
1170 615 1201 678 οί

187 723 250 806 γάρ
286 726 429 807 Τούρκοι
463 719 527 785 άπό
561 742 653 796 τινος
685 717 898 802 συμβάματος
930 717 1131 802 ὀνομάζουσι
1162 720 1198 784 τὰ

187 827 360 913 πράγματα
383 825 532 892 πάντοτε.
575 820 673 901 οὗτος
696 823 714 890 ὁ
734 821 855 900 Ἰδαῖος
877 826 1078 908 κατοικήσας
1102 826 1147 901 είς
1164 827 1199 888 τά

188 937 250 1017 ὄρη
282 941 385 998 ταῦτα
419 935 524 998 ἔκτισε
556 932 639 998 ναὸν
671 939 729 1016 της
761 930 884 1015 μητρὸς
915 940 983 995 τῶν
1015 935 1109 995 θεῶν
1138 941 1201 996 τῶν

152 1038 371 1123 λέλληνικῶν
407 1036 463 1104 καὶ
501 1036 747 1103 άνυιτοστάτων.
803 1039 909 1120 μήτηρ
946 1031 983 1100 δέ
1016 1047 1085 1102 τῶν
1116 1044 1202 1103 θεῶν

371 1145 499 1211 τούτων
536 1145 618 1209 κατά
649 1146 728 1220 τοὺς
754 1140 917 1226 Ἕλληνάς
948 1141 1041 1208 ἐστιν
1078 1143 1099 1228 ἡ
1125 1139 1203 1209 Ῥέα.

133 1262 220 1329 μητρὸς
232 1267 351 1322 νῶν-ἑλλν
374 1253 581 1336 μυθεύονται
603 1251 666 1334 γάρ
691 1246 893 1333 οίἝλληνες
911 1249 962 1314 ὅτι
980 1260 1112 1336 πρῶτος
1127 1252 1204 1327 θεὸς

133 1336 352 1468 ᾞῖζκαᾞζξξ
374 1357 429 1424 καὶ
453 1358 667 1442 ἀρχαιότατός
690 1355 780 1422 ἐστιν
802 1354 984 1442 ὁ·Κρόνος,
1009 1355 1050 1421 ὃν
1073 1363 1205 1441 ελτιομεν

135 1474 229 1540 Κρόνου
249 1477 291 1520 τοῦ
312 1473 350 1520 ἄν·
374 1464 424 1530 ὅτι
447 1463 604 1548 λέγουσιν
629 1464 664 1529 οί
683 1467 826 1530 Λατῖνοι
849 1467 1060 1550 Σατούρνον.
1110 1461 1206 1542 οὗτος

135 1546 351 1664 ἶξῖςυζζῑηῇὐζυῒὶ
375 1572 471 1654 ἔλαβε
501 1581 643 1654 γυναῖκα
674 1570 735 1654 τὴν
763 1567 869 1652 Ῥέαν,
901 1570 1020 1654 ἥντινα
1053 1567 1207 1654 λέγουσιν

135 1688 175 1734 καὶ
203 1691 248 1774 νῖν
276 1692 351 1746 θυιν-
373 1677 409 1743 οί
437 1680 578 1743 Λατῖνοι
605 1673 714 1741 Ὅταν.
770 1673 926 1759 ἐγέννησε
964 1671 1000 1740 δὲ
1039 1675 1072 1756 ἐξ
1109 1677 1208 1762 αὐτῆς

372 1794 460 1868 τρεῖς
487 1783 583 1860 υίοὺς
610 1780 665 1847 καὶ
693 1791 781 1868 τρεῖς
807 1779 1010 1867 θυγατέρας,
1043 1783 1103 1848 τὸν
1129 1788 1207 1867 Δία,

191 1890 281 1967 ὅστις
308 1893 483 1967 λατινικῶς
510 1888 639 1973 λέγεται
662 1888 877 1974 Γγιούτιιτερ,
909 1889 969 1953 τὸν
998 1891 1207 1977 Ποσειδῶνα,

207 1773 284 1823 ssew?-

191 1996 306 2061 ὅντινα
342 1994 499 2079 λέγουσιν
531 1995 566 2062 οί
591 1998 733 2061 Λατῖνοι
765 1994 1029 2079 Νεμτιτούνουμ,
1062 1993 1120 2060 καὶ
1151 1998 1208 2062 τὸν

183 2100 302 2186 ’Ἅιδην
326 2103 416 2179 ὅστις
439 2099 495 2168 καὶ
514 2102 679 2167 Πλούτων
697 2099 825 2185 λέγεται
845 2137 885 2147 -—
905 2108 1027 2167 τοῦτον
1047 2106 1209 2169 καλοῦσιν

193 2208 228 2273 oc
248 2212 390 2274 Λατῖνοι
417 2212 543 2293 Ντίτεμ
569 2206 625 2273 καὶ
650 2210 846 2291 Πλουτόνεμ
872 2245 917 2254 -
944 2204 999 2273 καὶ
1022 2208 1086 2291 τὴν
1101 2208 1210 2296 Ἥραν

192 2315 312 2398 ἥντινα
339 2319 500 2380 καλοῦσιν
528 2315 573 2392 ὡς
602 2321 737 2398 είττομεν
769 2313 805 2378 οί
829 2317 971 2378 Λατῖνοι
998 2317 1210 2401 Γγιουνόνεμ

139 2436 174 2484 20
193 2418 248 2484 καὶ
271 2417 403 2487 Ἑστίαν
429 2422 547 2505 ἥντινα
575 2424 737 2485 καλοῦσιν
767 2419 803 2484 οί
828 2424 968 2485 Λατῖνοι
996 2419 1124 2505 Βέστεμ
1157 2421 1213 2488 καὶ

193 2528 254 2611 τὴν
272 2529 455 2613 Δήμητραν
479 2527 598 2610 ἥντινα
618 2526 653 2591 οί
668 2530 809 2591 Λατῖνοι
828 2524 1029 2610 ὀνομάζουσι
1048 2528 1212 2614 Σερέρεμ,

192 2629 232 2718 ἧς
258 2633 313 2699 καὶ
341 2633 529 2718 ἐπεθύμησε
556 2633 618 2716 τὴν
648 2631 737 2717 μῖξιν
764 2629 914 2708 ὁἼασος
943 2631 998 2696 καλ
1026 2633 1083 2698 διά
1110 2644 1212 2700 τοῦτο

194 2740 410 2825 ἐκεραυνώθη
440 2740 484 2817 ὡς
510 2741 703 2824 προείρηται
731 2739 778 2815 είς
806 2739 868 2822 τὴν
897 2736 1130 2826 Σαμοθρᾴκην
1158 2738 1213 2806 καὶ

194 2846 351 2912 άτιέθανε.
397 2844 416 2911 ὁ
445 2840 508 2910 οὖν
537 2847 621 2922 Ζεὺς
651 2847 699 2909 ἔτι
730 2844 967 2932 βασιλεύοντος
998 2853 1060 2910 τοῦ
1088 2848 1215 2932 πατρὸς

195 2952 299 3017 αὐτοῦ
327 2954 463 3036 Κρόνου
495 2950 604 3035 ἠγάπα
637 2950 799 3037 ἐρωτικῶς
829 2951 891 3034 τὴν
924 2949 1075 3035 ἀδελφὴν
1109 2952 1215 3018 αὐτοῦ

194 3059 255 3142 τὴν
270 3055 380 3144 Ἥραν
402 3061 545 3142 χρόνους
567 3060 778 3143 τριακοσίους
799 3054 855 3122 καὶ
877 3053 970 3133 τέλος
988 3055 1120 3141 ἐμίγετο
1141 3057 1211 3143 μετ’

195 3164 297 3250 αὐτῆς
318 3167 469 3251 κρυφίως
491 3162 546 3229 καὶ
570 3161 748 3247 ἐγέννησεν
770 3163 847 3228 υίὸν
870 3163 995 3227 κυλλὸν
1020 3164 1130 3247 ἤγουν
1155 3166 1216 3230 τὸν

196 3271 370 3349 ἰδιωτικῶς
388 3271 634 3356 ὀνομαζόμενον
657 3270 795 3348 κουτζὸν
810 3266 999 3353 Ἥφαιστον
1020 3273 1218 3356 λεγόμενον.

232 3531 318 3654 ddga'.
339 3533 448 3604 κρώνου
469 3534 531 3588 vat.
623 3537 656 3586 21
681 3530 855 3602 ὠνομάζουσι
877 3531 910 3588 V.
1016 3537 1051 3586 28
1070 3529 1220 3604 Ἥφεστον

198 3618 276 3656 cO.
