2546 4042
552 211 749 264 ,Χ-

230 359 301 425 Iam
338 359 440 446 igitur
476 359 633 426 terminos
670 360 916 444 constituimus,
953 361 1038 424 inter
1075 381 1161 444 quos

143 466 284 532 auctoris
315 464 419 531 nostri
457 469 598 531 aetatem
634 467 829 550 inseramus,
862 488 964 532 annos
1005 466 1091 532 1355
1125 470 1163 531 et

146 571 239 639 1456.
277 573 325 638 Ac
352 571 490 658 legimus
514 573 548 636 in
575 573 756 658 prooemio,
781 572 938 639 loannem
960 573 1162 658 magistrum

143 679 302 744 medicum
325 678 482 764 principis
511 677 610 745 Lesbi
638 677 860 745 Canabutzam
888 679 1090 763 avocavisse,
1123 682 1163 750 ut

142 807 223 870 quae
246 784 423 870 Dionysius
442 784 725 851 Halicarnasensis
746 785 866 851 diceret
885 786 923 850 de
948 785 1162 852 Samothrace

144 891 334 977 compilarat
357 891 550 975 dominoque
573 891 669 956 huius
693 891 819 956 insulae
842 892 993 958 mitteret
1016 891 1102 967 ¹Qua
1125 891 1163 955 in

142 1021 178 1064 re
211 1019 284 1064 cum
316 1001 535 1082 cunctaretur,
566 997 641 1082 ipse
667 995 897 1063 Samothraces
925 996 1073 1063 dominus
1102 1019 1164 1082 per

142 1105 278 1170 fratrem
309 1101 515 1169 (lanabutzae
544 1107 576 1168 et
603 1105 713 1188 ipsum
741 1103 936 1190 magistrum
970 1104 1011 1168 ab
1040 1125 1078 1169 eo
1107 1125 1163 1188 pe-

143 1211 227 1294 tivit,
245 1214 281 1276 ut
300 1211 472 1276 conficeret
485 1210 678 1293 opusculum
685 1208 720 1296 ¹).
749 1207 876 1275 Scimus
892 1213 1000 1275 autem
1019 1210 1164 1275 insulam

147 1315 381 1383 Samothracen
400 1317 539 1381 maxime
559 1315 647 1381 cordi
665 1315 766 1381 fuisse
786 1315 953 1382 Palamedi
973 1315 1163 1401 GattilusiO,

144 1424 200 1508 qui
210 1423 257 1488 ibi
268 1445 388 1489 novam
402 1444 508 1488 arcem
529 1424 732 1487 exstruxerat
750 1423 836 1488 intra
855 1423 1164 1488 annos1432—42.

145 1529 249 1606 Quam
283 1529 324 1593 ab
358 1551 396 1595 eo
429 1531 626 1594 exstructam
660 1549 731 1594 esse
764 1533 796 1594 et
827 1529 861 1594 in
893 1529 1163 1614 inscriptionibus

144 1636 191 1700 ibi
223 1633 360 1719 repertis
393 1630 547 1720 legitur²)
576 1637 608 1698 et
641 1655 660 1698 a
688 1632 824 1720 Syriaco
856 1633 1077 1718 Anconitano‚
1107 1635 1165 1718 qui

147 1763 231 1806 anno
263 1740 352 1830 1444
378 1740 411 1804 in
441 1737 653 1806 Samothrace
680 1741 786 1804 insula
819 1743 1037 1806 commoratus
1069 1738 1165 1826 esu),

146 1848 365 1914 confirmatur.
397 1845 545 1911 Mortuus
566 1848 615 1911 est
634 1845 823 1911 Palamedes
842 1847 931 1910 intra
950 1869 1052 1928 annos
1075 1847 1163 1914 1453

146 1958 179 2020 et
193 1953 301 2038 1455,
331 1975 408 2017 nam
437 1974 521 2017 anno
550 1949 851 2036 Constantinopolis
879 1956 992 2036 captae
1019 1953 1054 2017 in
1077 1953 1163 2019 vivis

145 2061 210 2126 luit
233 2057 406 2144 (Critobul.
429 2058 454 2142 Ι,
474 2054 541 2144 75).

231 2165 303 2231 Iam
327 2165 355 2230 si
380 2164 559 2249 prinoipem
583 2164 688 2248 illum,
718 2165 758 2230 ad
783 2187 879 2249 quem
903 2165 1034 2250 scripsit
1057 2162 1165 2231 Cana-

145 2465 218 2521 latin
237 2465 306 2520 Tab.
325 2462 397 2519 XVI.
415 2462 501 2520 XVII.
527 2493 560 2503 -
584 2461 767 2530 Chalcondyl.
785 2461 824 2516 IX
842 2481 870 2532 p.
891 2465 1158 2532 469,11Ντορίου

146 2535 343 2663 ihllglllehl
354 2532 1057 2661 tttitltttttttttttttlllllt
1068 2540 1165 2660 titt

146 2678 195 2748 qui
212 2677 353 2748 pertineat
372 2676 407 2731 ad
426 2675 583 2746 principem
601 2677 680 2731 Aeni.
962 2621 982 2674 g
1158 2649 1166 2676 ’

220 2768 247 2835 1)
266 2765 302 2820 cf.
320 2783 349 2834 p.
368 2771 394 2833 2,
409 2771 452 2820 28.
474 2769 515 2834 14,
530 2770 555 2821 8.
580 2795 613 2804 -
637 2763 700 2820 Nisi
723 2764 796 2820 forte
814 2760 944 2834 ἀδελφόν
967 2784 1021 2836 μου
1040 2761 1090 2819 τὸν
1109 2761 1164 2836 μᾶ-

146 2855 260 2908 γιστρον
277 2839 361 2892 vocat
379 2835 520 2892 medicum
537 2834 620 2890 illum
638 2835 771 2905 principis
791 2835 883 2890 Lesbi.

219 2926 247 2994 2)
266 2923 369 2991 Conna,
388 2924 473 2980 Reice
496 2924 554 2990 auf·
569 2924 623 2978 den
645 2923 739 2979 Inseln
764 2924 813 2978 des
834 2924 927 2979 thrak.
951 2924 1057 2980 Maeres
1076 2941 1104 2993 p.
1121 2930 1166 2980 55.

150 2995 230 3066 Corp.
248 2995 335 3050 Inscr.
355 2994 451 3050 Graec.
471 2995 524 3050 Nc.
543 2999 613 3051 8777
632 2995 681 3050 καὶ
703 2996 803 3050 τοῦτον
822 2989 973 3064 ἀνήγειρεν
993 2991 1025 3050 ἐκ
1045 2995 1167 3068 βάθρων

149 3068 237 3139 μέγας
255 3062 386 3135 ἀριστεὺς
405 3064 553 3134 φιλόπολις
571 3061 716 3134 αὐθέντης
733 3068 821 3120 Αἴνου
839 3062 1096 3135 λαμπρᾶς-πόλεως
1115 3068 1167 3121 καὶ

147 3139 198 3208 τῆς
217 3133 266 3192 ἅτε
287 3135 375 3206 νήσου
394 3135 572 3208 Παλαμήδης
590 3133 705 3204 ἔνδοξος
725 3138 916 3203 Γατελιοῦζος.

220 3229 246 3293 3)
266 3225 332 3282 eoa.
352 3224 442 3282 Vatic.
465 3231 535 3281 5260
562 3243 608 3296 ap.
635 3224 722 3281 (lonae
748 3224 888 3281 Samothr.
913 3227 933 3294 I,
954 3231 978 3280 1.
1006 3255 1039 3264 -
1067 3224 1180 3282 Samo·'

148 3299 275 3354 thraciae
292 3314 367 3354 nova
385 3313 436 3352 arx
454 3297 541 3353 etiam
559 3298 794 3353 commemoratur
812 3295 842 3350 in
855 3296 1002 3366 Excerptis
1022 3295 1166 3365 Cyriaoeis

149 3385 221 3438 quaa
235 3368 344 3425 suntin
359 3368 455 3424 codice
470 3366 644 3425 collectionis
658 3366 858 3424 Ashbumham
868 3373 938 3423 1174
951 3365 1167 3423 inbibliotheca

148 3439 338 3496 Laurentiana
365 3443 517 3508 asservato,
545 3456 629 3509 quom
654 3439 763 3508 inspexi
791 3455 864 3494 anno
894 3443 971 3493 1888.
1014 3437 1104 3503 Quem
1133 3455 1168 3494 ex

148 3511 245 3568 codice
276 3511 400 3581 quodam
435 3509 561 3567 Sienensi
593 3509 705 3566 fluxisse
732 3508 782 3566 Th.
811 3508 968 3564 Mommsen
992 3509 1063 3564 mihi
1091 3509 1167 3564 affir-

149 3581 246 3638 mavit.
