2558 4036
530 171 747 236 ,54-

130 335 278 417 ήλθασιν
305 331 369 397 άπὸ
395 339 453 414 τῆς
476 328 660 416 Ἀρκαδίας
691 331 771 414 μετά
797 338 859 395 τοῦ
886 329 1071 413 Δαρδάνου
1099 331 1154 407 είς
1267 325 1268 406 ἰ

130 440 193 521 τήν
211 434 443 524 Σαμοθρᾴκην
461 435 516 502 καὶ
539 439 618 522 μετὰ
635 445 738 501 ταῦτα
756 435 820 502 ἀπὸ
844 444 901 520 τῆς
919 432 1155 522 Σαμοθρᾴκης
1267 479 1268 486 ι

131 543 287 629 άπήλθον
308 544 389 628 μετά
407 552 468 608 τοῦ
487 544 670 629 Δαρδάνου
689 544 736 620 είς
753 543 793 606 τά
812 539 895 626 μέρη
914 549 972 625 τῆς
989 542 1154 627 Τρωάδος

131 649 186 715 καὶ
209 648 373 735 ἐτέθησαν
396 651 444 728 είς
464 651 526 732 τήν
545 649 727 733 Δάρδανον
750 650 812 732 τήν
834 651 935 714 πόλιν
957 648 1001 730 ἣν
1020 650 1153 714 ἔκτισεν

131 756 149 822 6
177 757 357 840 Δάρδανος
383 753 438 820 καὶ
465 756 607 839 ὕστερον
635 757 682 832 είς
707 757 746 820 τὸ
764 754 871 820 Ἴλιον
898 754 979 838 ὅπερ
1009 753 1153 839 λέγομεν

136 863 291 946 Τρωάδα,
320 860 375 926 καὶ
404 861 468 928 άπὸ
491 871 548 945 τῆς
574 861 731 947 Τρωάδος
753 864 800 939 είς
822 864 859 928 τὸ
883 862 1071 927 Λαιούνιον
1093 859 1152 926 καὶ

131 967 195 1032 άπὸ
227 977 288 1032 τοῦ
317 970 506 1033 Λαιουνίου
543 969 590 1044 είς
621 969 683 1050 τήν
710 963 854 1052 Ῥώμην,
890 968 947 1032 ἵνα
979 972 1153 1044 παντελῶς

132 1073 223 1160 δείξῃ
245 1073 297 1138 ὅτι
314 1071 370 1139 καὶ
392 1075 430 1140 τὸ
454 1073 552 1157 γένος
569 1083 637 1139 τῶν
655 1069 833 1158 Ῥωμάνων
852 1071 908 1140 καὶ
924 1075 945 1158 ἡ
964 1075 1077 1151 πίστις
1093 1071 1153 1138 καὶ

132 1181 168 1246 oc
196 1179 273 1247 θεοὶ
304 1179 360 1246 καὶ
393 1182 431 1245 αί
457 1183 577 1247 θυσίαι
607 1191 675 1246 τῶν
706 1187 799 1246 θεῶν
821 1178 877 1245 καὶ
905 1181 943 1245 αί
967 1183 1151 1265 συνήθειαι

80 1304 113 1354 10
133 1287 207 1352 ὅλαι
229 1297 286 1372 τής
308 1289 475 1364 πολιτείας
493 1282 580 1370 ἦσαν
602 1286 723 1372 άρχαῖα
745 1284 800 1352 καὶ
819 1285 975 1370 ἑλληνικά
994 1283 1050 1352 καὶ
1069 1285 1152 1351 άπο-

131 1392 246 1478 τελέση
270 1395 349 1470 τοὺς
366 1391 553 1478 Ῥωμάνους
575 1395 721 1469 τελείους
738 1390 794 1458 καὶ
812 1395 1016 1470 καθολικοδς
1030 1390 1152 1475 Ἓλλη-

132 1523 193 1576 νας
216 1499 272 1564 διά
294 1499 437 1566 πάντων.
468 1508 568 1564 τοῦτο
591 1499 656 1585 γάρ
679 1497 770 1564 ἐστιν
792 1498 810 1563 δ
834 1496 1035 1576 τέλειοςκαὶ
1059 1510 1149 1582 πρῶ-

132 1628 188 1682 τος
202 1603 257 1669 καὶ
275 1606 455 1683 καθολικὸς
473 1605 578 1682 αὐτοῦ
596 1606 718 1681 σκοπὸς
737 1605 829 1669 ὡσάν
848 1611 983 1690 εἴπομεν
1003 1606 1150 1670 άυωθεν.

132 1713 189 1777 ἵνα
216 1707 279 1777 οὖν
306 1717 444 1796 είπημεν
471 1711 527 1778 καὶ
554 1709 629 1796 περὶ
655 1713 778 1776 τούτου
809 1713 855 1788 είς
882 1711 1019 1794 πλάτος,
1051 1708 1152 1796 άρχά-

133 1823 222 1901 μεθα
249 1817 313 1883 άπὸ
345 1828 404 1903 τῆς
430 1818 532 1903 ἀρχῆς
558 1826 619 1883 τοῦ
645 1816 793 1902 πολέμου
821 1826 881 1882 τοῦ
914 1817 1059 1902 τρωικοῦ
1087 1817 1152 1894 ἕως

130 1933 191 2009 τῆς
212 1926 348 2002 κτίσεως
370 1933 428 2009 τῆς
445 1920 569 2009 Ῥώμης
591 1921 647 1990 καὶ
669 1932 727 2008 τής
755 1925 936 2008 διηγήσεως
963 1935 1031 1989 τῶν
1055 1926 1151 1990 είδά-

134 2035 203 2095 λων
229 2031 366 2096 τούτων.
412 2029 468 2095 καὶ
495 2034 568 2096 τότε
597 2030 760 2115 μέλλομεν
792 2032 938 2113 στήσειν1
958 2033 1017 2098 τὸν
1047 2036 1152 2115 λόγον

79 2148 108 2194 0'·
121 2146 296 2212 νεοθῆιὰρπα-
318 2140 377 2202 τὸν
400 2135 475 2222 περὶ
497 2138 635 2202 τούτων.
680 2137 698 2203 6
719 2131 932 2222 Ἀλέξανδρος
958 2137 976 2202 6
1000 2138 1110 2224 Πάρις
1132 2138 1152 2204 6

80 2237 122 2278 γης
145 2233 185 2278 της
246 2236 296 2278 ενης
346 2244 364 2268 ιη
461 2252 475 2267 .
587 2244 596 2268 ι
740 2253 754 2266 .

83 2224 128 2336 {616
142 2219 295 2354 ,Ᾰλεὲῗνζρου
317 2267 390 2320 υιος
416 2267 477 2309 του
505 2248 662 2329 Πριαμον
689 2243 840 2328 άπηλθεν
874 2245 922 2320 είς
952 2244 1015 2328 τήν
1045 2249 1153 2311 Πελο-

98 2366 145 2408 ,wo
159 2353 269 2424 Πάριδος.
319 2353 469 2433 πόνησαν
495 2347 551 2416 καὶ
578 2348 709 2428 ἐδέξατο
737 2349 841 2415 αὐτὸν
864 2349 882 2414 6
906 2348 1082 2428 Μενέλαος
1104 2353 1152 2428 είς

82 2473 116 2521 21
134 2458 194 2522 τὸν
214 2450 309 2521 οἶκον
332 2456 436 2522 αὐτοῦ
459 2455 514 2523 καὶ
542 2455 769 2541 ἐφιλοξένισεν
797 2456 900 2522 αὐτὸν
923 2457 1033 2539 ὥσπερ
1057 2459 1152 2523 θεόν.

136 2562 235 2640 αὐτὸς
259 2559 296 2629 δέ
320 2563 466 2648 ἠγάπησε
489 2565 551 2648 τήν
569 2562 706 2645 Ἑλένην
729 2563 792 2646 τήν
810 2573 953 2646 γυναῖκα
972 2563 1077 2629 αὐτοῦ
1096 2561 1151 2628 καὶ

135 2670 262 2755 ἥρπασε
286 2670 391 2754 αὐτήν
413 2668 469 2736 καὶ
491 2673 623 2755 ἔφυγεν.
670 2669 705 2733 oc
716 2667 876 2751 Ἕλληνες
893 2679 979 2753 γοῦν
1002 2672 1045 2754 μή
1069 2669 1152 2736 ὑπο-

136 2774 293 2858 μένοντες
323 2777 385 2860 τήν
422 2775 587 2859 ἐντροπὴν
624 2774 734 2840 αὐτῶν
769 2776 894 2859 ταύτην
931 2776 1153 2861 ἐστράτευσαν

137 2881 210 2946 ὅλοι
233 2878 287 2947 καὶ
311 2881 465 2964 άπῆλθον
488 2877 543 2946 καὶ
564 2879 748 2964 ἐπολέμουν
767 2883 828 2965 τήν
850 2882 991 2968 Τρωάδα
1008 2886 1153 2968 χρόνους

138 2983 217 3052 δέκα
248 2983 303 3052 καὶ
335 2983 437 3061 οὐδέν
468 2986 691 3071 ἠδυνήθησαν
718 2989 799 3071 μετά
830 2987 979 3072 πολέμου
1010 2989 1067 3053 ἵνα
1096 2990 1152 3054 λά-

102 3122 144 3168 00¹.
171 3124 222 3186 “³0²
240 3126 280 3182 «ἦ,
321 3096 426 3177 βωσιν
463 3092 576 3176 αὐτήν.
628 3089 683 3158 καὶ
719 3092 812 3171 τέλος
852 3096 1153 3175 κατασκευάζουσιν

79 3197 227 3254 ’καλασκωῖς
255 3197 297 3242 ‘⁰¹⁵
320 3199 380 3266 ἕνα
408 3200 544 3279 ξύλινον
574 3199 676 3264 ἵππον
703 3197 758 3265 καὶ
786 3201 969 3285 βάλλουσιν
996 3201 1034 3267 ἐν
1061 3201 1150 3292 αὐτῷ

210 3398 243 3447 17
263 3391 330 3448 πότε
349 3392 467 3463 με’λομεν
486 3393 550 3446 Vat.
623 3393 688 3447 ante
707 3389 740 3447 0'.
758 3393 847 3448 habet
864 3393 890 3447 V
909 3393 938 3447 in
956 3410 1060 3463 marga
1085 3392 1149 3463 περὶ

138 3463 296 3552 τήςθάρήής
323 3471 373 3518 τοῦ
396 3471 527 3552 τρωικοῦη
539 3460 662 3531 πολέμου
686 3459 737 3526 ἕως
760 3470 809 3532 τῆς
833 3465 946 3526 κτίσεως
969 3472 1019 3533 τῆς
1037 3461 1148 3534 Ῥώμης.

138 3552 171 3588 ο.
191 3537 302 3604 ελλενης
320 3533 384 3589 Vat.
458 3539 491 3588 25
512 3536 586 3586 ολλοι
605 3533 684 3587 codd.
