2558 4036
488 267 525 277 -
574 230 702 324 57·-

79 389 192 455 αὐτοῦ
219 387 275 455 καὶ
306 392 385 467 τοὺς
417 390 538 467 παῖδας
570 390 674 455 αὐτοῦ
705 388 761 456 ιιαί
789 393 868 468 τοὺς
900 392 1020 476 φίλους
1046 387 1101 456 ιιαί

76 497 163 572 τοὺς
192 507 365 580 συγγενεῖς
399 495 502 561 αὐτοῦ
533 493 590 561 καὶ
625 497 704 573 τοὺς
731 495 921 581 γνωρίμους
956 495 1010 561 καί
1045 497 1101 562 άν-

78 599 141 684 ἐβη
171 601 221 678 εἰς
251 602 315 685 τὴν
342 600 524 688 άιιρόπολιν
550 611 608 685 τῆς
641 603 807 688 Τρωάδος.
858 602 1035 688 ἀκρόπολις
1064 601 1105 669 δέ

78 705 175 772 ἐστιν
204 707 320 773 ὅντινα
347 713 513 793 καλοῦμεν
540 708 634 792 ἡμεῖς
656 712 830 785 λατινικως
855 708 989 774 ιιουλάν.
1036 703 1101 794 εἰχε

78 822 169 896 γοῦν
193 811 248 878 καί
271 813 292 897 ἡ
316 812 494 900 ἀκρόπολις
524 812 696 891 ἐκλεκτοὺς
722 813 778 880 καί
805 814 981 898 ἀνδρείους
1003 832 1102 901 στρα-

78 921 213 1002 τιώτας,
235 920 350 996 καθώς
373 919 464 985 ἐστιν
485 919 506 1002 ἡ
530 918 627 998 τάξις.
673 920 742 986 ἐκεῖ
761 922 825 1005 γάρ
848 916 934 1005 ἦσαν
961 922 1001 987 τά
1024 924 1102 1008 χρή-

80 1049 171 1110 ματα
198 1034 257 1110 τῆς
288 1029 458 1109 βασιλείας
489 1023 544 1090 καί
571 1029 611 1092 τὰ
638 1029 788 1114 χρήματα
815 1037 882 1092 τῶν
911 1027 1102 1115 ἀνθρώπων

80 1141 141 1216 τῆς
165 1135 293 1209 πόλεως
314 1130 370 1197 καί
394 1139 456 1198 είτι
478 1134 582 1200 καλὸν
603 1131 659 1198 καί
677 1136 788 1219 τίμιον
804 1133 952 1219 ὑπῆρχεν
971 1136 1018 1212 εἰς
1040 1136 1101 1219 τὴν

80 1242 196 1322 πόλιν,
220 1239 366 1323 ἄργυρος
389 1237 444 1304 καί
466 1241 589 1324 χρυσὸς
612 1238 667 1305 καί
691 1241 864 1325 ἱματισμὸς
886 1240 941 1306 καὶ
970 1242 1006 1306 οἰ
1024 1239 1101 1306 θεοὶ

79 1345 196 1410 αὐτῶν
222 1343 279 1410 καί
305 1346 345 1410 τά
373 1346 445 1431 ἰερδ
472 1345 534 1411 ὅλα
560 1357 629 1411 τῶν
655 1353 748 1412 θεῶν
773 1345 829 1413 καὶ
856 1359 923 1414 τῶν
952 1347 1101 1412 εἰδώλων
1122 1362 1155 1411 10

78 1451 205 1518 αὐτῶν.
242 1450 354 1517 ἐλθὼν
376 1462 461 1535 γοῦν
480 1453 498 1519 ὁ
517 1455 655 1531 Αἰνείας
677 1454 831 1539 ὡπλίσθη
855 1452 909 1519 καὶ
929 1454 1029 1531 αὐτὸς
1046 1450 1101 1518 καί

80 1558 119 1623 οί
145 1552 216 1642 μετ’
247 1557 352 1623 αὐτοῦ
385 1559 432 1636 εἰς
458 1562 613 1644 πόλεμον.
659 1560 695 1625 οἰ
714 1562 777 1645 γάρ
793 1558 951 1645 Ἕλληνες
974 1558 1032 1645 ἀφ’
1060 1555 1101 1625 οὗ

83 1663 340 1750 ἐχορτάσθησαν
359 1675 426 1730 τῶν
445 1666 593 1751 αἰμάτων
612 1663 667 1732 καὶ
686 1677 753 1731 τῶν
776 1677 915 1750 σφαγῶν
934 1666 1102 1750 ἀνέβησαν

80 1771 140 1836 ἵνα
168 1773 380 1855 πολεμήσασι
407 1768 462 1837 καί
493 1774 554 1856 τὴν
583 1771 783 1858 ἀκρόπολιν,
811 1773 868 1838 ἵνα
895 1773 1020 1856 λάβωσι
1047 1769 1102 1836 καί

80 1877 144 1942 τὸν
167 1880 314 1942 πλοῦτον
336 1874 391 1941 καί
415 1880 493 1955 τοὺς
515 1881 711 1964 θησαυροὺς
733 1881 812 1955 τοὺς
834 1880 933 1955 ὄντας
955 1880 1003 1954 εἰς
1025 1879 1102 1943 ταύ-

82 2004 158 2066 την.
211 1981 419 2068 ἐπολέμησαν
456 1993 541 2068 γοῦν
579 1987 721 2070 ἰσχυρῶς
757 1981 812 2050 καὶ
850 1986 885 2050 οἰ
917 1984 1011 2063 ἐντὸς
1044 1994 1102 2070 τῆς

84 2088 296 2174 ἀκροπόλεως
318 2094 428 2173 Τρῶες
451 2092 531 2175 μετά
551 2100 612 2156 τοῦ
631 2093 770 2157 Αἰνείου
788 2089 843 2156 καί
863 2092 898 2157 οἰ
913 2090 974 2170 ἔξω
986 2090 1102 2176 Ἕλλη-

84 2218 142 2272 νες
174 2195 255 2278 μετά
282 2203 343 2260 τοῦ
372 2195 610 2281 Νεοπτολέμου
637 2205 698 2262 τοῦ
730 2197 809 2262 υἱοῦ
836 2207 898 2262 τοῦ
920 2195 1101 2284 Ἀχιλλέως.
1121 2212 1155 2261 18

83 2300 102 2366 ὁ
124 2308 211 2384 γοῦν
235 2284 371 2379 Αἰνείας
393 2301 438 2379 ὡς
464 2297 532 2368 εἰδε
559 2302 609 2367 δτι
638 2303 656 2369 ὁ
684 2306 918 2388 Νεοπτόλεμος
953 2351 995 2400 ομ.
1015 2350 1077 2414 φυγὴ
1097 2355 1138 2398 ,οὔ

83 2406 171 2493 ὁρμᾷ
209 2407 351 2493 ἰσχυρῶς
387 2409 467 2492 μετά
505 2406 594 2474 νέων
635 2408 828 2495 ἀνθρώπων
860 2411 916 2475 ἵνα
938 2426 1036 2471 Λατίου
1055 2421 1102 2468 ιιι
1116 2425 1157 2480 της

83 2513 192 2596 ἀναβῇ
225 2514 273 2589 εἰς
299 2513 337 2578 τὸ
365 2524 486 2598 τεῖχος,
519 2513 674 2598 ἐφοβήθη
702 2515 835 2601 σφόδρα
862 2514 919 2581 καὶ
942 2491 1156 2582 ἆῖροπόὴωςωὰ

85 2617 264 2703 εἰσέρχεται
287 2620 334 2696 εἰς
360 2620 420 2684 τὸν
448 2621 532 2686 ναὸν
559 2630 627 2686 τῶν
656 2621 805 2686 εἰδώλων
828 2621 918 2700 ὅστις
939 2565 1157 2749 ιδσίάίἕδιχίἰίὰ

1042 2720 1091 2768 ρωα
1106 2720 1137 2756 ος.

84 2725 231 2810 ὑπῆρχεν
245 2725 293 2802 εἰς
305 2726 368 2810 τὴν
382 2725 564 2813 ἀκρόπολιν
580 2727 674 2805 ἐντὸς
686 2725 742 2794 καί
756 2729 917 2813 λαμβάνει
958 2708 1001 2764 ‘³¹⁶

85 2834 162 2908 τοὺς
184 2833 287 2909 θεοὺς
310 2830 386 2897 ὅσοι
409 2827 496 2916 ἦσαν
519 2832 588 2899 ἐκεῖ
607 2831 662 2899 καί
685 2836 726 2899 τά
750 2835 821 2922 ἰερδ
843 2845 912 2900 τῶν
930 2840 1022 2899 θεῶν
1045 2830 1100 2898 καὶ

85 2938 125 3002 τά
147 2938 248 3021 σκεύη
267 2946 327 3003 τοῦ
350 2947 435 3005 ναοῦ
463 2936 517 3004 καί
546 2942 696 3024 χρήματα
722 2939 777 3006 καί
799 2941 973 3026 πράγματα
995 2942 1102 3007 πολλὰ

85 3042 139 3109 καί
162 3043 291 3129 ἀνοίγει
313 3045 420 3121 πύλας
443 3046 560 3129 μικρὰς
588 3045 643 3111 καί
670 3045 897 3132 κεκρυμμένας
923 3048 970 3124 εἰς
997 3050 1101 3114 τόπον

87 3151 213 3234 άδηλον
226 3148 280 3216 καί
299 3150 448 3236 ἐκβάλλει
467 3161 601 3236 πρῶτον
615 3153 675 3217 τὸν
693 3155 818 3236 πατέρα
837 3152 941 3218 αὐτοῦ
959 3152 1101 3237 γέροντα

87 3258 165 3322 ὄντα
186 3254 241 3322 ἐπὶ
263 3256 389 3342 ἁμάξης
411 3255 466 3322 καί
489 3260 567 3336 τοὺς
594 3257 754 3345 γέροντας
780 3257 836 3323 καί
861 3260 919 3336 τάς
942 3269 1101 3343 γυναῖκας

156 3453 198 3504 17.
225 3454 258 3504 18
283 3448 397 3506 Αἰνείου
426 3481 460 3491 -
484 3449 553 3520 μετὰ
581 3457 631 3504 τοῦ
658 3450 758 3505 desunt
780 3450 813 3505 V.
833 3448 883 3504 ubi
907 3467 979 3505 unus
1002 3467 1099 3505 versus
1226 3493 1231 3505 .

86 3518 194 3574 videtur
217 3519 361 3576 excidisse.
419 3526 452 3575 18
471 3519 587 3591 άχιλὲως
607 3522 685 3576 υοδδ.
758 3526 793 3576 25
811 3520 847 3575 τὰ
865 3523 929 3577 ante
948 3520 1100 3592 πράγματα

86 3590 147 3646 Vah
229 3597 264 3647 26
283 3591 383 3662 ἀνοίγη
403 3591 484 3648 codd.
