2558 4036
542 181 760 246 ..56-

144 341 236 418 ὅστις
266 341 413 426 ὑπῆρχεν
445 342 493 417 εἰς
524 341 587 424 τήν
622 339 782 424 Τένεδον,
817 341 931 417 καθὼς
966 335 1053 424 ήσαν
1084 339 1159 426 μετ’

144 447 298 530 ἀλλήλων
319 445 395 533 περὶ
417 447 539 512 τούτου
562 445 854 532 συμφωνηθέντες.
900 447 1056 524 ούστινας
1080 449 1163 526 τοὺς

143 557 273 640 φανούς
303 555 386 619 ἰδὼν
414 554 432 619 ὁ
461 557 578 631 στόλος
604 549 710 638 ήλθεν
737 555 923 640 παραυτίκα
949 551 1005 618 καί
1028 554 1065 618 οἰ
1083 552 1162 638 περὶ

141 663 203 726 τὸν
222 660 402 726 Μενέλαον
419 660 559 744 ήνοιξαυ
576 662 634 736 τάς
652 661 758 738 πύλας
776 658 832 725 καὶ
850 657 1006 739 ἐδέξαντο
1025 659 1160 742 αὐτούς,

131 768 263 844 οἵτινες
286 768 494 843 εἰσελθόντες
517 768 659 850 ἔβαλλον
681 773 749 849 πῦρ
772 767 820 843 εἰς
837 765 938 850 μέρος
960 767 998 832 ἓν
1020 776 1078 850 τῆς
1098 768 1161 830 πό-

142 878 225 951 λεως
247 874 304 938 ἵνα
326 876 502 958 θροήσωσι
523 875 583 938 τὸν
606 874 698 938 λαόν.
731 867 806 938 εἶτα
819 870 957 938 ἐποίουν
975 879 1037 937 εἰτι
1055 873 1161 937 κακὸν

142 981 189 1056 εἰς
211 979 273 1063 τήν
295 981 405 1062 πόλιν,
429 979 538 1063 ὥσπερ
559 981 697 1062 ἔμελλον
718 989 828 1043 ποιεῖν
845 979 1023 1063 ἀνθρωποι
1042 975 1161 1063 ἐχθροὶ

141 1083 196 1150 καί
219 1082 485 1168 τεταλωπημένοι
509 1082 589 1150 δέκα
611 1087 755 1168 χρόνους
774 1085 820 1161 εἰς
838 1085 898 1150 τὸν
915 1087 1064 1170 πόλεμον
1081 1093 1160 1150 τοῦ·

140 1215 210 1258 τον.
256 1193 421 1275 ἔσφαττον
448 1193 495 1268 εἰς
522 1193 601 1268 τοὺς
631 1191 774 1274 ύπνους,
803 1193 850 1268 εἰς
877 1193 935 1268 τὰς
961 1191 1079 1275 ὁδούς,
1110 1193 1161 1268 εἰς

88 1315 122 1363 10
142 1299 199 1375 τάς
222 1298 328 1372 οἰκίας
338 1299 424 1374 ,τοὺς
445 1297 676 1381 ταλαιπώρους
702 1300 817 1380 Τρῶας
839 1293 895 1361 καί
917 1297 975 1374 τάς
997 1307 1160 1382 γυναῖκας

140 1401 197 1468 καὶ
222 1403 264 1467 τά
291 1402 408 1467 παιδία
435 1403 547 1467 αὐτῶν
574 1401 629 1467 καί
660 1404 841 1488 διήρπαζον
868 1401 924 1468 καί
949 1405 1012 1488 τήν
1039 1403 1161 1468 οὐσίαν

141 1509 261 1574 αὐτῶν.
307 1507 526 1593 ἐχειρώσαντο
559 1503 622 1573 οὖν
656 1507 712 1574 καὶ
743 1511 803 1575 τὸν
832 1512 989 1595 Πρίαμον
1015 1507 1071 1574 καὶ
1098 1510 1161 1574 τὸν

141 1611 235 1681 οἰκον
268 1615 372 1679 αὐτοῦ
410 1614 490 1680 ὅλον
526 1613 581 1680 καί
613 1617 692 1692 τοὺς
722 1615 843 1691 παῖδας
879 1615 984 1680 αὐτοῦ
1016 1614 1072 1681 καὶ
1100 1616 1162 1692 τὰς

140 1719 330 1808 θυγατέρας
352 1720 457 1787 αὐτοῦ
479 1719 535 1786 καί
557 1722 645 1805 πλήν
668 1730 728 1786 τοῦ
750 1723 873 1806 πατρὸς
896 1721 1001 1787 αὐτοῦ
1020 1722 1101 1787 ὅλον
1120 1723 1161 1786 τὸ

87 1891 123 1950 off
146 1906 175 1938 as
191 1894 302 1938 hm
324 1824 422 1910 γένος
440 1827 544 1893 αὐτοῦ
567 1825 623 1892 καί
642 1827 741 1904 ὅλους
762 1831 841 1904 τοὺς
859 1829 1021 1913 ἀρχοντας
1044 1829 1161 1894 αὐτοῦ.

88 1926 139 2026 „93¹4
163 1909 206 2010 τῖς
226 1911 342 2023 Equi-⁶
369 1934 433 2017 γάρ
464 1933 572 2018 πατὴρ
605 1933 708 1998 αὐτοῦ
741 1933 759 1999 ό
791 1933 977 2018 Λαομέδων
1004 1937 1070 2021 πρὸ
1097 1945 1162 2000 τοῦ

84 2049 131 2150 *⁸⁰:5²
150 2036 192 2079 τοῦ
210 2033 302 2120 {W
325 2036 472 2123 πολέμου
504 2037 663 2123 ἐπέρασεν
695 2041 743 2117 εἰς
773 2040 835 2124 τήν
868 2043 1072 2125 Μιτυλήνην
1103 2040 1161 2106 καὶ

112 2117 277 2238 ᾆξὲἱήᾜ
325 2146 432 2209 έκτισε
463 2145 503 2208 τὰ
537 2147 696 2229 πείσματα
726 2148 771 2211 τά
803 2149 927 2213 παλαιὰ
959 2148 1022 2214 ὅσα
1053 2149 1161 2234 ὑπόρ-

120 2243 264 2302 anavjm.
321 2267 426 2335 χωσιν
458 2247 525 2315 ἐκεί
556 2247 611 2316 καί
644 2250 814 2318 ἀπέθανεν
851 2250 907 2319 καί
943 2251 1048 2338 ἐτάφη
1083 2254 1162 2321 ἐκεῖ.

86 2375 120 2424 20
140 2357 311 2441 ἐβασίλευε
333 2357 397 2442 γὰρ
425 2356 446 2439 ή
473 2358 588 2442 Τρωάς
616 2357 679 2424 ἀπὸ
703 2367 761 2442 τής
786 2360 946 2445 Σμύρνης
972 2358 1027 2425 καὶ
1056 2361 1161 2445 αὐτῆς

139 2473 197 2548 τῆς
215 2464 376 2549 Σμύρνης
389 2471 450 2528 τοῦ
464 2465 618 2548 αἰγιαλοῦ
633 2464 714 2530 ὅλου
729 2463 791 2542 ἕως
804 2466 906 2548 αὐτῆς
924 2475 982 2550 τής
1001 2467 1162 2551 Τρωάδος

140 2569 196 2636 καί
227 2582 295 2636 τῶν
326 2573 441 2654 νήσων
476 2579 534 2655 τής
566 2574 652 2636 Χιόυ
688 2577 746 2654 τής
776 2572 973 2655 Μιτυλήνης
1009 2571 1065 2637 καὶ
1101 2582 1163 2657 τής

96 2669 141 2787 χχ
160 2673 286 2788 ‘melum
327 2674 481 2743 Τενέδου.
526 2678 573 2753 εἰς
594 2678 656 2760 τήν
679 2678 858 2762 συμφορὰν
878 2678 1000 2762 ταύτης
1022 2687 1081 2762 τῆς
1099 2683 1162 2744 πό-

98 2756 287 2875 ςνήηοῖηθῖήῖ
323 2786 405 2859 λεως
429 2778 530 2848 οὐδὲν
553 2781 692 2866 ἐνόησεν
715 2783 816 2860 ἀλλος
838 2781 875 2848 ἐκ
893 2795 961 2850 τῶν
984 2785 1162 2869 ἀρχόντων

97 2881 223 2944 ἀκρόπολιν
248 2886 289 2940 ‘51⁶
324 2890 355 2954 εἰ
377 2890 419 2975 μὴ
444 2891 545 2974 μόνος
568 2888 586 2954 ὁ
610 2891 756 2972 Αἰνείας,
781 2890 825 2967 ὡς
848 2887 885 2956 δέ
904 2889 1162 2976 λέγουσίτινες,

106 2951 225 3017 Τρωάδος,
252 2952 281 3006 ὡς
325 2994 342 3018 a
610 2995 618 3019 x
727 2992 735 3019 χ

110 3026 203 3081 κάμεν
235 3023 270 3070 3„
324 3017 374 3060 οτι
397 2993 522 3059 ἐνοεῑτο
542 3017 622 3079 μετα
639 3006 707 3060 τῶν
738 2997 901 3078 Ελλήνων
924 2995 979 3063 καί
998 2997 1161 3081 ἐγίνωσκε

79 3094 242 3223 ι’χχχηχηισεαχ
260 3098 302 3225 χχ
324 3097 379 3166 καὶ
407 3101 467 3184 τήν
501 3098 690 3185 ἐπιβουλήν.
741 3102 829 3186 ὅμως
857 3105 971 3181 καθὼς
999 3101 1160 3189 λέγουσιν

148 3239 241 3301 qutav.
326 3208 360 3272 οἰ
393 3210 544 3284 πλείονες
580 3205 697 3292 ἐνόησε
737 3205 793 3274 καί
829 3211 925 3294 ἔλαβε
966 3212 1026 3276 τὸν
1063 3207 1163 3279 οἰκον

209 3406 225 3454 8
244 3395 537 3470 τεταλαιπωρημένοιῗ
666 3398 716 3472 οδ.
737 3399 885 3456 ἀπέθανεν
900 3419 951 3471 pro
966 3399 1103 3474 ἐπέρασεν
1119 3405 1160 3472 V3

138 3464 275 3541 ἐπέρασεν
290 3488 358 3526 corr.
375 3488 409 3525 ex
423 3468 570 3524 ἀπέθανεν
586 3469 649 3524 Vat.
707 3476 740 3524 20
758 3478 808 3540 τῆς
821 3471 935 3542 μύρνης.
951 3475 983 3530 V.
1036 3481 1071 3530 23
1090 3484 1160 3530 ταῦ-

138 3560 189 3605 τας
209 3542 271 3598 Vat.
349 3546 385 3595 24
403 3534 537 3609 ἐννόησεν
557 3539 635 3596 codd.
