2558 4036
502 228 720 292 ..51-

92 388 189 472 τόπῳ
219 385 327 473 τούτῳ
354 382 409 449 καὶ
437 385 610 469 ὠνόμασεν
640 385 744 469 αὑτήν
776 385 840 450 άπὸ
868 394 928 451 τοῦ
955 385 1117 471 ὀνόματος

94 493 205 558 αὐτοῦ
229 492 421 578 Δάρδανον.
453 491 513 556 τὸν
536 493 640 557 τόπον
661 499 747 575 γοῦν
769 500 890 557 τοῦτον
909 493 995 557 ἔνθα
1013 490 1118 580 κατῴ-

94 615 203 683 κησεν
226 595 282 662 καὶ
301 598 347 674 εἰς
366 597 481 663 ὅντινα
502 599 607 663 ἔκτισε
625 598 687 682 τήν
705 599 813 681 πόλιν,
834 597 1008 682 ἐχαρίσατο
1027 598 1116 686 αὐτῷ

94 706 154 770 ἵνα
183 706 363 790 κατοικήσχ
391 703 409 769 6
437 705 594 786 βασιλεὺς
621 711 679 787 τῆς
704 704 813 790 χώρας
842 703 970 787 ἐκείνης
992 703 1010 770 6
1037 709 1117 770 Τεῦ-

95 834 188 896 κρος.
236 804 334 886 οὑτος
368 809 431 895 γάρ
462 801 591 895 ὑπῆρχε
626 812 700 874 τότε
732 811 891 893 βασιλεὺς
923 818 984 874 τοῦ
1010 811 1116 876 τόπου

96 917 231 983 ἐκείνου
254 913 308 981 καὶ
332 915 518 1000 ὠνομάζετο
542 913 641 999 καλή
663 915 754 1002 χώρα
778 914 842 980 άπὸ
870 924 931 981 τοῦ
954 915 1117 1001 ὀνόματος

96 1021 205 1116 αὐτοῦ
243 1025 388 1108 Τευκρίς.
439 1031 561 1088 τοῦτον
598 1022 657 1087 τὸν
698 1025 847 1106 Τεῦκρον
884 1024 943 1088 τὸν
979 1020 1117 1106 βασιλέα

96 1127 237 1213 λέγουσι
272 1126 328 1193 καὶ
365 1129 459 1194 άλλοι
491 1126 611 1193 πολλοὶ
644 1127 803 1214 ἱστορικοὶ
836 1126 892 1193 καὶ
924 1129 1065 1212 μάλιστα
1098 1127 1116 1194 6

99 1237 312 1319 Φανίδημος,
341 1235 430 1311 ὅστις
458 1236 582 1320 ἔγραψε
612 1235 673 1318 τήν
700 1235 845 1300 παλαιάν
877 1234 1027 1318 ἱστορίαν
1049 1245 1117 1299 τῶν

93 1341 289 1424 Ἀθηναίων
312 1339 366 1406 καὶ
389 1349 449 1405 τοῦ
477 1343 582 1405 τόπου
605 1350 673 1405 τῶν
697 1335 866 1424 Ἀθήνῶν,
895 1341 946 1405 ὅτι
971 1340 1118 1424 ὑπῆρχεν
1139 1359 1172 1409 10

96 1450 213 1534 άρχων
232 1441 419 1531 Ἀθηναῖος,
444 1446 534 1524 ὅστις
551 1441 631 1533 ήρχε
650 1447 760 1531 δήμου
779 1445 853 1524 ἑνὸς
871 1444 1119 1531 ὀνομαζομένου

97 1553 326 1633 ἐξυποταιέως.
372 1553 407 1618 ολ
427 1554 490 1640 γάρ
511 1547 686 1637 Ἀθηναῖοι
707 1547 794 1636 ήσαν
817 1551 1053 1638 μεμερισμένοι
1072 1554 1119 1630 εἰς

98 1663 229 1746 δήμους
256 1661 365 1744 ὥσπερ
393 1668 458 1725 νῦν
487 1659 522 1724 ολ
547 1662 745 1726 Γεννουῑται
779 1661 828 1735 είς
859 1660 900 1723 τά
930 1658 1119 1742 καλούμενα

97 1765 179 1852 παρ’
207 1765 318 1831 αὐτῶν
340 1764 520 1852 άρμπέργα.
566 1775 629 1842 πῶς
656 1774 741 1848 χοῦν
768 1767 873 1849 δῆμος
901 1758 988 1848 εἶχεν
1012 1765 1118 1848 ὄνομα

99 1875 192 1938 ἴδιον
226 1872 336 1956 ὥσπερ
368 1869 425 1937 καὶ
455 1881 523 1936 πᾶν
554 1868 743 1957 άρμπέργον
776 1873 842 1956 ἔχει
880 1871 986 1953 ὄνομα
1019 1869 1118 1952 λδιον,

99 1981 213 2064 ὥσπερ
229 1981 424 2044 ’Σπίνουλοι
446 1975 502 2042 καὶ
525 1980 667 2063 Ντόριοι
689 1975 745 2042 καὶ
772 1975 922 2060 καθεξῆς.
968 1974 1119 2060 ὑπῆρχον

99 2094 187 2172 γοῦν
210 2082 265 2149 κοιλ
287 2086 335 2161 εἰς
358 2086 436 2160 τοὺς
460 2084 586 2168 δήμους
608 2084 733 2160 πάντας
751 2084 908 2168 άρχοντες
927 2081 1049 2164 αὐτῶν,
1072 2081 1120 2157 εἰς

100 2191 244 2258 ἕκαστον
272 2183 379 2275 δῆμον
407 2183 454 2266 εἷς
481 2191 600 2276 άρχων.
648 2191 751 2274 δῆμος
775 2184 811 2253 δὲ
839 2187 968 2271 λέγεται
990 2192 1120 2271 πλῆθος

101 2304 189 2364 λαοῦ
221 2295 276 2363 καὶ
308 2297 495 2379 συναγωγή.
545 2304 606 2360 τοῦ
637 2303 722 2378 γοῦν
759 2297 869 2380 δήμου
902 2303 962 2359 τοῦ
999 2293 1120 2378 ὀνομα-

101 2401 244 2490 ζομένου
267 2400 484 2480 ἐξυποταιέως
506 2402 654 2486 ὑπῆρχεν
677 2402 788 2486 άρχων
812 2399 830 2465 6
854 2404 999 2485 Τεῦκρος
1022 2394 1120 2476 οὗτος
1138 2417 1173 2464 20

99 2509 157 2576 καὶ
181 2511 279 2593 ἔλαβε
301 2509 361 2574 τὸν
385 2509 492 2593 δῆμον
520 2508 624 2573 αὑτοῦ
648 2512 712 2572 εἴτε
739 2507 820 2588 μετά
842 2507 1030 2588 θελήματος
1052 2514 1120 2568 τῶν

102 2619 216 2681 άλλων
241 2610 429 2698 Ἀθηναίων
452 2613 472 2697 ή
505 2611 607 2700 χωρὶς
633 2620 694 2677 τοῦ
723 2613 911 2696 θελήματος
938 2610 1050 2674 αὐτῶν
1077 2647 1119 2656 -

100 2732 202 2789 τοῦτο
226 2722 289 2808 γάρ
314 2721 376 2786 οὐκ
398 2723 467 2786 ἔστι
491 2721 639 2806 φανερόν
664 2755 701 2764 -
727 2715 783 2784 καὶ
806 2714 953 2810 ἐξῆλθεν·
969 2715 1033 2780 άπὸ
1052 2725 1120 2780 τῶν

97 2818 255 2912 Ἀθηνῶν
283 2829 347 2914 πρὸ
376 2829 508 2912 χρόνον
540 2831 674 2891 πολλῶν
706 2821 761 2889 καὶ
789 2821 950 2909 ἐπέρασεν
982 2823 1028 2898 εἰς
1060 2822 1121 2905 τήν

102 2935 272 3018 άνατολῆν
295 2935 342 3010 εἰς
363 2934 423 2998 τὸν
445 2935 550 2998 τόπον
572 2940 694 2997 τοῦτον
715 2939 772 3014 τῆς
794 2930 954 3016 Τρωάδος
975 2930 1040 3014 πρὸ
1059 2936 1121 2994 τοῦ

102 3041 338 3126 ὀνομασθῆναι
360 3039 501 3124 Τρωάδα
520 3035 575 3103 καὶ
593 3039 657 3123 πρὸ
676 3047 737 3103 τοῦ
759 3043 940 3120 κτισθῆναι
961 3037 1060 3100 πόλιν
1085 3034 1121 3098 έν

102 3147 197 3232 αὐτῆ.
244 3143 299 3212 καὶ
323 3140 399 3231 εὗρε
422 3153 485 3229 γῆν
509 3145 636 3227 πολλήν
657 3141 713 3209 καὶ
736 3143 869 3227 ἀγαθήν
892 3139 950 3206 καὶ
976 3140 1121 3225 λιπαράν

101 3251 159 3320 καὶ
181 3253 361 3338 εὔκαρπον,
381 3253 452 3334 ῆτις
467 3246 534 3335 εἶχε
552 3247 607 3315 καὶ
627 3249 780 3316 ἐντόπιον
798 3247 897 3332 γένος
916 3246 1121 3332 βαρβαρικὸν

177 3451 193 3500 9
215 3441 381 3514 Φανόδημος
400 3441 512 3510 Dionys,
532 3442 594 3496 Hal.
678 3446 719 3496 12.
739 3445 773 3494 20
793 3434 980 3504 έξὺποτοιιέοος
999 3437 1072 3504 λλπλ,
1091 3439 1124 3490 ut

103 3515 167 3572 cod.
193 3518 225 3569 A.
250 3513 379 3584 Dionysii
403 3513 448 3584 (of.
467 3513 548 3568 Dion.
572 3512 636 3569 Hal.
660 3513 703 3568 ed.
724 3509 846 3581 Jacoby.
885 3509 1076 3580 Lips.1885);
1103 3509 1122 3561 l.

107 3589 312 3648 Ξυπεταιῶνος
331 3586 376 3642 vel
394 3581 580 3647 Ξυπεταιέως.

871 3669 909 3722 4*

151 3934 302 4010 ’,Α
