2546 4042
471 234 669 298 ..3-

57 388 254 476 γνωσμίνος
280 389 336 457 καὶ
363 391 560 478 ἀπρόθυμος
587 394 634 468 είς
660 393 701 456 τά
729 400 866 458 τοιαῦτα
893 393 1077 479 πράγματα,

58 497 170 583 ὥσπερ
191 495 466 580 ἀνεζωοποιηθην
488 493 544 562 καὶ
567 496 844 584 ἐθαρσοποιηθην
862 496 917 564 καὶ
936 497 1078 585 ἀνέστην

57 602 122 667 ἀπὸ
154 612 214 687 της
245 603 397 688 ἀμελείας
429 600 484 668 καὶ
516 603 684 690 ῥᾳθυμίας
715 604 759 687 ἣν
790 599 890 689 εἶχον.
914 616 943 662 α’.
958 620 981 664 ιι
996 633 1052 679 φησι
1066 617 1131 666 1120}-

57 703 152 775 είάον
174 711 238 796 γάρ
261 712 364 793 λόγον
390 711 466 774 τινά
494 718 556 774 τοῦ
578 719 689 794 σοφοῦ
712 710 893 787 Πλάτωνος
915 689 1049 818 22²ngssss
1066 693 1131 824 ζὲλσῖ

57 814 123 880 ἀπὸ
152 812 274 901 μέρους
295 818 476 899 γινόμενον
504 814 560 881 καλ
586 817 820 903 πληρούμενον
848 818 895 893 είς
992 830 1058 880 κέων.

56 923 120 1005 τὴν
144 922 328 988 αὐθεντίαν
351 937 423 987 σου.
470 924 561 1005 ἔλεγε
587 924 652 1009 γάρ
680 922 805 999 ἐκεῖνος
833 923 884 988 ὅτι
906 928 980 990 τότε
1002 923 1077 1009 με’λ-

56 1033 177 1093 λουσιν
206 1023 292 1094 είναι
319 1030 359 1093 τά
386 1029 561 1114 πράγματα
592 1029 700 1112 πάσης
725 1031 853 1106 πόλεως
884 1028 940 1094 καί
970 1031 1078 1114 πάσης

55 1138 225 1211 πολιτείας
248 1137 331 1202 καλά
353 1132 408 1200 καὶ
431 1135 614 1220 θαυμάσια,
638 1135 719 1201 ὅταν
741 1135 762 1220 ἣ
787 1137 823 1200 οί
843 1138 991 1219 βασιλεῖς
1008 1148 1077 1203 τῶν

54 1244 187 1306 πόλεων
225 1240 361 1306 ἐκείνων
397 1244 676 1326 φιλοσοφησωσιν
716 1241 736 1325 ἢ
776 1242 856 1306 ὅταν
893 1246 1076 1328 φιλόσοφοι

54 1347 234 1432 ἅνθρωποι
260 1323 520 1430 βασιλεύσουσιν
549 1346 586 1412 ἐν
613 1347 705 1432 αὐτη.
750 1348 788 1412 τὸ
814 1343 851 1412 δὲ
874 1353 1074 1435 φιλοσοφεῖν
1096 1368 1128 1417 10

54 1449 158 1519 οὐδὲν
181 1454 262 1518 ἀλλο
286 1449 376 1518 ἐστίν
403 1453 494 1538 παρά
522 1454 558 1517 τὸ
587 1458 699 1537 φιλεῖν
726 1455 834 1537 ἤγουν
858 1453 989 1537 ἀγαπάν
1011 1458 1074 1540 τὴν

53 1561 194 1643 σοφίαν·
224 1559 245 1643 ἡ
272 1560 335 1645 γάρ
364 1561 459 1644 φιλία
487 1567 543 1643 τῆς
571 1561 691 1644 σοφίας
722 1558 851 1642 λέγεται
880 1566 1073 1646 φιλοσοφία.

52 1669 202 1750 βασιλεῖς
234 1661 272 1730 δὲ
299 1668 414 1748 ἔλεγον
445 1665 481 1730 οί
510 1663 645 1730 παλαιοὶ
675 1665 717 1730 οὐ
748 1669 827 1741 τούς
855 1664 1074 1752 ἐστεμμένους

51 1776 203 1856 βασιλεῖς
226 1772 335 1855 ὥσπερ
356 1771 460 1857 ἡμεῖς,
487 1808 525 1818 -
552 1779 655 1836 ταῦτα
672 1772 736 1857 γάρ
756 1769 912 1855 ἐγένοντο
931 1773 1072 1861 ὕστερον

50 1917 97 1925 -
125 1877 210 1944 ἀλλά
239 1881 385 1962 βασιλεῖς
412 1879 529 1960 ἔλεγον
555 1877 681 1953 πάντας
712 1881 792 1954 τούς
823 1876 988 1955 αὐθέντας
1017 1878 1095 1951 καὶΙ

49 1987 131 2062 τοὺς
164 1986 327 2069 ἀρχοντας
364 1983 504 2050 ἑκάστου
540 1986 645 2048 τόπου
677 1982 697 2067 ἣ
734 1987 862 2060 πόλεως
898 1984 919 2068 ἢ
955 1985 1072 2072 χώρας.

50 2093 233 2177 συμβαίνει
253 2099 338 2175 γοῦν
362 2090 379 2156 ό
402 2093 502 2174 λόγος
528 2099 589 2156 τοῦ
613 2089 795 2168 Πλάτωνος
824 2089 953 2174 ἀληθὴς
975 2085 1072 2176 εἶναι,

49 2199 102 2264 ὅτι
120 2201 196 2263 τότε
215 2198 350 2281 ἔχουσιν
368 2197 408 2260 τά
426 2197 602 2283 πράγματα
620 2195 727 2280 πάσης
744 2198 854 2283 χώρας
872 2194 929 2261 καὶ
945 2200 1072 2275 πόλεως

48 2309 171 2386 καλῶς,
191 2303 272 2368 όταν
290 2301 309 2368 ὁ
327 2301 495 2386 αὐθέντης
513 2302 534 2387 ἣ
554 2301 572 2368 ὁ
591 2303 703 2389 ἀρχων
721 2311 782 2367 τοῦ
803 2304 909 2367 τόπου
931 2303 1072 2390 ὐπάρχει

48 2412 160 2494 σοφὸς
182 2409 203 2493 ἣ
226 2409 336 2496 ἀγαπᾷ
358 2409 420 2492 τὴν
451 2411 576 2492 σοφίαν
602 2405 658 2474 καὶ
684 2408 763 2483 τούς
794 2411 924 2492 σοφοὺς
950 2410 1072 2492 λόγους
1089 2427 1123 2476 κο

47 2517 114 2582 ἀπὸ
133 2524 196 2580 τοῦ
214 2515 404 2602 πράγματος
421 2514 553 2580 τούτου.
581 2513 599 2579 ὁ
617 2517 698 2591 θεός
717 2513 785 2578 ἐστι
804 2516 886 2580 κατά
917 2525 955 2587 γ’.
982 2525 1017 2572 ιιι
1040 2527 1124 2582 ‚lnam

47 2623 158 2707 φύσιν
181 2625 284 2706 μόνος
306 2619 361 2686 καὶ
388 2620 551 2704 ἀληθινὸς
573 2621 685 2706 ἀρχων
712 2617 767 2686 καὶ
790 2623 885 2703 βασι·
906 2600 1125 2729 ἔίζιτλῖεεῖφέηηιηηη

45 2732 127 2805 λεὺς
150 2725 206 2792 καὶ
230 2725 395 2811 αὐθέντης
417 2735 478 2792 τοῦ
501 2729 629 2811 κόσμου
646 2728 778 2802 παντός.
810 2725 886 2790 τού-
993 2741 1039 2797 γῆς.

44 2859 110 2901 του
138 2842 201 2899 τοῦ
224 2841 309 2898 θεοῦ
332 2834 416 2898 εἰσιν
439 2833 565 2908 εἰκόνες
587 2829 642 2896 καὶ
665 2831 857 2917 ὁμοιώματα
877 2829 932 2896 καὶ
955 2833 1070 2915 ἔχουσι

43 2943 108 3006 τὸν
141 2942 246 3004 τόπον
279 2939 383 3004 αὐτοῦ
419 2934 473 3003 ἐπὶ
509 2946 566 3021 της
601 2946 662 3021 γῆς
698 2939 734 3002 οί
767 2941 917 3021 βασιλεῖς
947 2935 1004 3002 καὶ
1036 2939 1072 3003 οί

44 3044 214 3113 αὐθένται
249 3042 304 3110 καὶ
341 3045 377 3109 οί
410 3045 567 3131 ἀρχοντες
601 3052 663 3107 τοῦ
702 3045 840 3127 κόσμου.
889 3051 948 3128 τῆς
983 3051 1069 3126 γοῦν

44 3155 180 3229 είκόνος
211 3152 248 3217 τὸ
281 3151 458 3216 κάλλιστον
488 3147 545 3215 καί
575 3148 836 3233 ἀναγκαιότερόν
869 3149 974 3231 ἐστιν,
1012 3149 1068 3214 ἵνα

43 3260 180 3346 ὑπάρχη
204 3259 286 3323 κατά
309 3256 416 3322 πάντα
440 3255 539 3341 ὁμοία
565 3253 622 3320 καὶ
644 3255 894 3342 ἀπαράλλακτος
916 3256 1068 3320 καθόσον

45 3371 96 3434 ἔνι
123 3366 273 3431 δυνατὸν
298 3365 382 3450 πρὸς
409 3361 516 3428 ἐκεῖνο
545 3357 677 3438 οὗτινός
704 3360 794 3427 ἐστιν
822 3361 932 3444 εἰκών,
960 3362 1067 3444 ἤγουν

118 3529 153 3578 17
174 3522 293 3589 ἀληθείς
311 3519 391 3574 codd.
446 3525 488 3576 21.
508 3525 542 3574 22
566 3517 726 3588 καταφύσιν
747 3517 780 3573 V.
850 3524 884 3573 25
904 3515 991 3573 τόπον
1006 3517 1065 3570 sine

44 3598 95 3652 m.
116 3593 152 3650 V.
173 3593 257 3646 solus.
338 3597 372 3645 26
392 3587 530 3654 αὐθέντες
547 3590 581 3647 V.
601 3589 683 3646 solus.
757 3595 791 3644 27
811 3587 943 3644 κάλιστον
962 3589 994 3644 V.

820 3680 851 3732 1*
