2558 4036
470 277 507 285 ..
556 239 597 304 57
635 275 684 332 ..-

75 397 175 464 αὐτοῦ
202 397 257 464 καί
288 400 367 476 τοὺς
399 399 520 476 παῖδας
552 399 656 465 αὐτοῦ
687 397 743 464 καί
772 402 850 476 τοὺς
882 402 1003 484 φίλους
1029 395 1083 463 παί

73 506 148 580 τοὺς
175 515 348 589 συγγενεῖς
380 504 484 570 αὐτοῦ
516 502 571 570 καί
607 506 686 582 τοὺς
713 504 903 590 γνωρίμους
938 502 993 570 καί
1027 504 1084 570 άν-

74 608 128 693 ίβη
156 611 203 687 εἰς
234 611 296 694 τὴν
324 608 506 694 ἀκρόπολιν
533 618 591 694 τῆς
624 612 789 696 Τρωάδος.
840 611 1017 697 ἀκρόπολις
1047 609 1087 676 δέ

74 715 158 782 ἐστιν
186 715 302 782 ὅντινα
330 722 495 800 καλοῦμεν
522 717 616 801 ἡμεῖς
639 721 812 794 λατινικῶς
838 717 971 782 πουλάν.
1018 711 1083 802 εἶχε

74 831 152 905 γοῦν
175 820 231 887 καί
253 821 274 905 ἡ
299 821 477 909 ἀκρόπολις
506 822 678 900 ἐκλεκτοὺς
705 821 760 889 καί
787 821 963 906 ἀνδρείους
987 839 1085 908 στρα-

74 930 195 1013 τιώτας,
218 929 333 1005 καθώς
355 926 446 994 ἐστιν
467 927 489 1012 ἡ
511 927 609 1007 τάξις.
655 928 725 995 ἐκεῖ
744 930 807 1013 γάρ
830 925 917 1014 ἦσαν
943 930 984 994 τὰ
1006 933 1084 1015 χρή-

75 1059 154 1119 ματα
181 1043 239 1120 τῆς
271 1037 441 1117 βασιλείας
471 1032 526 1100 καί
553 1037 594 1100 τά
621 1038 770 1122 χρήματα
797 1046 865 1101 τῶν
893 1035 1084 1122 ἀνθρώπων

75 1151 126 1225 τῆς
148 1143 275 1218 πόλεως
297 1139 353 1206 καί
377 1148 438 1207 εἰτι
460 1143 564 1207 καλὸν
586 1139 641 1208 καί
659 1145 770 1226 τίμιον
787 1141 935 1227 ὑπῆρχεν
954 1145 1001 1220 εἰς
1022 1143 1084 1226 τὴν

75 1251 178 1330 πόλιν,
202 1247 349 1333 άργυρος
372 1245 427 1312 καί
449 1249 573 1333 χρυσὸς
594 1246 649 1313 καί
674 1248 845 1333 ἱματισμὸς
868 1247 923 1314 ιιαί
952 1250 988 1313 οἱ
1007 1246 1084 1313 θεοί

74 1353 178 1419 αὐτῶν
205 1351 261 1418 καί
287 1355 328 1418 τὰ
356 1354 428 1439 ἱερὰ
455 1354 517 1420 ὅλα
542 1365 611 1420 τῶν
637 1361 730 1421 θεῶν
756 1353 811 1420 καί
838 1365 907 1421 τῶν
935 1355 1083 1420 εἰδώλων
1104 1370 1138 1419 10

74 1460 187 1526 αὐτῶν.
225 1459 336 1527 ἐλθὼν
359 1469 444 1544 γοῦν
463 1461 480 1527 ὁ
500 1463 638 1538 Αἰνείας
660 1462 814 1545 ὡπλίσθη
837 1460 892 1526 καὶ
912 1461 1011 1538 αὐτὸς
1029 1458 1084 1526 καὶ

75 1567 105 1630 οί
129 1560 198 1650 μετ’
229 1565 334 1631 αὐτοῦ
367 1568 414 1643 εἰς
440 1570 595 1652 πόλεμον.
642 1567 677 1632 οἰ
697 1568 760 1654 γάρ
775 1565 933 1652 Ἕλληνες
957 1565 1014 1653 ἀφ’
1043 1562 1084 1633 οὗ

77 1671 322 1756 ἐχορτάσθησαν
341 1683 409 1739 τῶν
428 1674 576 1758 αἱμάτων
595 1671 650 1738 καί
668 1685 736 1738 τῶν
759 1684 898 1759 σφαγῶν
916 1673 1085 1758 ἀνέβησαν

75 1777 124 1844 ἵνα
150 1781 362 1863 πολεμήσασι
389 1777 445 1844 καὶ
476 1781 537 1864 τὴν
566 1779 766 1865 ἀκρόπολιν,
794 1773 850 1846 ἵνα
878 1780 1003 1863 λάβωσι
1030 1777 1085 1844 καί

75 1885 129 1949 τὸν
150 1890 297 1950 πλοῦτον
319 1882 374 1949 καί
397 1887 476 1962 τοὺς
498 1888 694 1971 θησαυροὺς
711 1888 794 1972 τοὺς
817 1887 916 1963 ὄντας
938 1887 986 1963 εἰς
1007 1886 1085 1951 ταύ-

76 2012 140 2073 την.
192 1988 400 2075 ἐπολέμησαν
439 2000 523 2074 γοῦν
561 1993 704 2078 ἰσχυρῶς
739 1989 795 2057 καί
832 1993 868 2058 οί
900 1990 994 2068 ἐντὸς
1027 2001 1086 2076 τῆς

77 2094 278 2181 ἀκροπόλεως
301 2101 410 2184 Τρῶες
433 2099 514 2182 μετὰ
534 2106 595 2163 τοῦ
614 2100 753 2164 Αἰνείου
771 2096 826 2164 καί
846 2099 880 2164 οἱ
896 2097 957 2176 ἔξω
968 2097 1086 2181 Ἓλλη-

76 2224 127 2278 νες
157 2203 237 2286 μετὰ
264 2211 325 2267 τοῦ
355 2201 593 2288 Νεοπτολέμου
620 2212 682 2269 τοῦ
713 2205 793 2269 υίοῦ
819 2213 880 2270 τοῦ
903 2203 1084 2290 Ἀχιλλέως.
1104 2219 1139 2268 18

76 2305 91 2371 ὁ
113 2316 193 2390 γοῦν
215 2292 353 2386 Αἰνείας
376 2310 420 2387 ὡς
447 2305 515 2375 εἰδε
542 2309 593 2375 ὅτι
621 2309 639 2376 ὁ
667 2312 901 2396 Νεοπτόλεμος
936 2358 978 2406 χχι,
999 2357 1060 2421 φυγὴ
1080 2361 1121 2405 τοῦ

69 2411 155 2501 ’ὁρμᾷ
191 2416 334 2502 ἰσχυρῶς
369 2416 449 2500 μετὰ
488 2413 577 2482 νίων
618 2415 811 2501 ἀνθρώπων
843 2418 899 2483 ἵνα
922 2432 1019 2477 Almo„
1038 2428 1085 2475 ἀπὸ
1100 2432 1140 2487 τῆς

75 2517 174 2606 ἀναβῇ
207 2523 255 2598 εἰς
282 2522 319 2586 τὸ
348 2531 468 2606 τεῖχος,
502 2520 657 2606 ἐφοβήθη
684 2523 819 2607 σφόδρα
845 2521 901 2588 ιιαί
924 2498 1139 2564 ‘²²⁰⁰''⁶²‘⁰’⁶“‘'“³‘

944 2571 951 2588 ’
1098 2571 1125 2615 πὶ

76 2625 246 2711 εἰσέρχεται
270 2628 317 2704 εἰς
343 2628 403 2692 τὸν
430 2629 515 2694 ναὸν
532 2627 610 2692 ’τῶν
639 2628 787 2693 εἰδώλων
810 2628 900 2706 ὅστις
923 2573 1140 2706 ιδᾳάραάδίδδιάιλὰ

76 2729 213 2818 ὑπῆρχεν
228 2735 276 2810 εἰς
288 2735 350 2818 τὴν
364 2733 546 2820 ἀκρόπολιν
563 2733 656 2812 ἐντὸς
669 2732 724 2800 καί
739 2735 900 2819 λαμβάνει
941 2715 984 2771 ’ἧς
1006 2711 1120 2775 Τρωάδος·

75 2840 146 2915 τοὺς
167 2842 270 2916 θεοὺς
293 2839 368 2905 ὅσοι
392 2835 478 2924 ἦσαν
502 2839 571 2906 ἐκεῖ
590 2839 645 2905 καί
668 2842 708 2906 τά
733 2841 804 2927 ἰερδ
826 2851 895 2906 τῶν
912 2847 1006 2906 θεῶν
1029 2837 1084 2906 καὶ

75 2942 111 3006 τά
132 2947 230 3030 σκεύη
249 2954 310 3011 τοῦ
332 2955 418 3012 ναοῦ
445 2944 500 3011 καί
529 2948 679 3032 χρήματα
705 2945 760 3013 καί
782 2948 956 3034 πράγματα
979 2949 1086 3013 πολλὰ

75 3047 125 3113 καὶ
147 3051 274 3137 ἀνοίγει
296 3052 403 3129 πύλας
425 3053 544 3138 μικράς
571 3051 626 3117 καί
653 3053 880 3139 κεκρυμμένας
907 3055 955 3131 εἰς
981 3057 1084 3120 τόπον

76 3152 195 3238 ἄδηλον
208 3157 264 3224 καί
283 3157 431 3243 ἐκβάλλει
451 3169 583 3243 πρῶτον
598 3159 658 3224 τὸν
676 3163 801 3243 πατέρα
821 3160 925 3224 αὐτοῦ
942 3159 1084 3244 γέροντα

76 3258 149 3326 ὄντα
170 3262 223 3328 ἐπὶ
247 3263 372 3349 ἁμάξης
394 3263 449 3330 καί
472 3266 550 3343 τοὺς
577 3263 737 3351 γέροντας
763 3263 819 3330 καί
846 3266 903 3342 τὰς
925 3276 1084 3349 γυναῖκας
1107 3272 1109 3276 ’

143 3458 182 3510 17.
208 3460 240 3512 18
266 3455 379 3512 Αἰνείου
409 3488 443 3498 -
467 3456 537 3527 μετὰ
564 3463 614 3511 τοῦ
641 3457 741 3512 desunt
764 3457 796 3512 V.
816 3455 867 3510 ubi
891 3473 962 3511 unus
985 3472 1082 3511 versus
1209 3498 1214 3510 .

74 3517 178 3579 videtur
201 3527 344 3583 excidisse.
402 3533 435 3582 18
454 3525 571 3598 άχιλέως
590 3528 668 3583 codd.
742 3532 776 3582 25
795 3526 830 3582 τδι
848 3529 913 3582 ante
932 3525 1083 3598 πράγματα

75 3587 134 3647 vat.
212 3605 247 3654 26
266 3599 366 3669 ἀνοίγη
387 3598 467 3654 codd.
