2558 4036
586 208 801 271 ..74-

132 413 352 542 ιλίικκ
373 364 944 557 ἷλμλέίίλῖμὲῗόρίλλ’ἶῖί
963 369 1191 540 23521342‘53

135 553 351 673 μέἐζζοῖῗὲωζὲν
375 580 422 654 είς
453 577 574 654 αὐτούς
605 575 660 642 καὶ
697 499 950 662 σώεβουλέύθη
988 577 1057 664 μετ’
1094 581 1191 646 αὐτῶν

372 683 428 749 καί
455 683 492 749 έν
519 684 621 773 ὀλίγῳ
652 693 757 772 καιρῷ
792 685 1093 763 κατασκευάζουσιν
1123 689 1191 771 μετά

189 796 316 879 τρόπου
348 793 517 876 φρονίμου
550 788 605 856 καὶ
636 789 834 873 έκβάλλουσι
864 794 925 857 τὸν
954 788 1107 875 Ἀμόλιον
1138 791 1190 856 ἀπὸ

189 907 246 982 τῆς
282 899 450 981 βασιλείας
490 895 546 962 καί
582 897 827 983 παραδιδόασιν
864 897 970 981 αὐτὴν
1005 905 1052 984 τῷ
1085 898 1191 984 πάππῳ

190 1005 301 1070 αὐτῶν
332 1011 377 1090 τῷ
406 1001 580 1089 Νεμέτορι.
626 998 721 1069 οὗτοι
753 999 790 1068 δὲ
825 1005 946 1086 ἔλαβον
975 1006 1122 1088 χρηματα
1147 1001 1192 1068 καὶ

190 1110 392 1194 ἀνθρώπους
414 1107 468 1174 καί
493 1114 526 1174 εί
544 1134 576 1174 τι
599 1109 725 1196 ὑπῆρχε
748 1110 985 1195 χρήσιμονκαὶ
1004 1108 1143 1194 ἐξῆλθον
1163 1109 1192 1174 έκ

189 1227 247 1304 τῆς
264 1215 388 1301 ’Ἆλβας
413 1214 468 1280 καί
501 1218 634 1281 ἔκτισαν
661 1218 723 1301 την
748 1213 884 1301 Ῥώμην.
935 1219 983 1293 είς
1010 1218 1073 1300 τὴν
1099 1218 1192 1281 κτίσιν

139 1341 173 1390 10
191 1333 275 1407 γοῦν
297 1331 355 1407 τῆς
377 1318 500 1407 Ῥώμης
524 1322 719 1408 όχληθησαν
743 1325 780 1388 οί
802 1320 943 1407 ἀδελφοί
967 1320 1022 1388 καὶ
1045 1327 1193 1408 πολεμοῦ-

188 1446 247 1496 σιν
270 1427 326 1494 καλ
355 1428 541 1494 ἀποκτείνει
577 1429 595 1494 δ
622 1427 789 1514 Ῥωμύλος
824 1432 883 1496 τὸν
911 1427 1038 1514 Ῥῶμον
1071 1428 1126 1494 καὶ
1153 1431 1194 1512 ηί-

191 1558 283 1601 νεται
318 1538 422 1619 μόνος
457 1537 585 1621 κτητώρ
625 1533 681 1600 καὶ
718 1538 863 1620 οἰκιστὴς
903 1544 960 1619 τῆς
991 1532 1115 1620 Ῥώμης
1149 1532 1194 1600 καὶ

191 1647 287 1708 καλεῖ
306 1642 430 1726 ταύτην
457 1642 521 1707 ἀπὸ
543 1652 605 1708 τοῦ
628 1642 791 1726 ὀνόματος
813 1643 918 1708 αὐτοῦ
935 1641 1073 1726 Ῥώμην.
1110 1638 1195 1716 οὗτος

191 1759 277 1833 γοῦν
304 1746 510 1833 ὁῬωμύλος
542 1748 604 1814 οὐκ
631 1750 738 1814 ἔκτισε
764 1751 849 1815 ναὸν
880 1757 938 1834 τῆς
965 1747 1095 1827 Ἑστίας
1127 1744 1195 1813 οὐδὲ
1248 1791 1249 1846 η

192 1857 308 1940 ἔστησε
339 1853 532 1941 παρθένους
559 1855 615 1920 ἵνα
643 1856 834 1939 φυλάττωσι
865 1856 903 1920 τὸ
933 1857 1098 1940 ἄσβεστον
1129 1864 1195 1938 πῦρ,

190 1962 249 2026 ’ἵνα
272 1961 321 2047 μη
340 1960 500 2047 ένθυμίζη
524 1963 571 2038 είς
597 1964 677 2038 τοὺς
698 1959 907 2047 [ἀνθρώπους
934 1963 971 2027 τὸ
994 1963 1106 2040 πάθος
1127 1963 1197 2044 ὅπερ
1249 2008 1250 2076 η

193 2069 320 2133 ἔπαθεν
346 2067 367 2150 η
395 2069 501 2154 μητηρ
523 2069 634 2133 αὐτοῦ
662 2065 717 2133 καλ
748 2067 927 2154 έπόρνευσε
951 2070 1010 2152 μία
1033 2064 1118 2136 οὖσα
1138 2078 1196 2132 τῶν
1249 2083 1250 2088 ’

159 2236 228 2293 W
251 2238 298 2284 ὁΝ
332 2240 343 2253 ,
377 2173 558 2261 παρθένων
580 2185 648 2240 τών
672 2182 730 2258 της
752 2171 891 2252 Ἑστίας.
942 2175 961 2240 δ
989 2170 1027 2241 δέ
1056 2176 1199 2256 δεύτερος

141 2256 216 2355 διότι
229 2256 277 2353 ‘m
297 2254 356 2353 ‘2ssss3
378 2284 534 2367 βασιλεὺς
566 2289 624 2364 τῆς
650 2277 776 2365 Ῥώμης
812 2281 830 2346 ὁ
867 2284 986 2363 Νομᾶς
1023 2284 1199 2366 Πομπίλιος

141 2379 357 2494 ’ἧὶ,;ᾞί“ςν’ἶά
380 2386 478 2468 οὗτος
505 2391 611 2454 ἔκτισε
640 2388 700 2452 τὸν
726 2389 811 2453 ναὸν
840 2395 898 2471 τῆς
915 2384 1046 2464 Ἑστίας
1074 2391 1120 2466 είς
1146 2388 1200 2470 τὴν

191 2467 203 2507 η
256 2465 324 2506 Μ’
371 2498 499 2583 Ῥώμην
531 2493 587 2560 καί
619 2493 753 2578 ἐποίησε
784 2502 893 2559 πᾶσαν
927 2494 990 2577 την
1024 2499 1200 2579 συνήθειαν

147 2631 181 2680 22
200 2613 306 2698 αύτην
332 2613 394 2698 την
423 2604 567 2674 παλαιὰν
600 2602 647 2677 είς
678 2601 737 2664 τὸν
765 2602 849 2665 ναὸν
878 2609 1000 2667 τοῦτον
1031 2602 1113 2684 μετὰ
1142 2610 1200 2664 τών

195 2717 377 2804 παρθένων
404 2713 459 2782 καὶ
486 2719 547 2778 τοῦ
570 2705 734 2792 ἀσβέστου
761 2709 874 2789 πυρός.
919 2702 963 2790 ἦν
990 2708 1056 2792 γὰρ
1083 2706 1200 2789 ἀνάγκη

196 2828 247 2892 ότι
279 2829 326 2902 είς
357 2825 417 2890 τὸν
447 2821 532 2886 ναὸν
561 2825 683 2881 τοῦτον
714 2821 772 2897 τῆς
799 2809 929 2890 Ἑστίας
961 2808 1047 2879 εἶναι
1077 2815 1114 2878 τὸ
1142 2819 1201 2894 πῦρ

196 2934 360 3015 ἀσβεστον
388 2922 432 2992 δι’
464 2926 546 2990 ὅλου
572 2929 633 2987 τοῦ
663 2921 790 3006 χρόνον
817 2916 922 3005 ,ἡμέρα
948 2917 1005 2986 καί
1032 2922 1136 2986 νύκτα
1162 2920 1202 2994 είς

197 3038 297 3114 ὅλους
324 3038 402 3112 τοὺς
432 3033 574 3117 χρόνους
600 3063 645 3074 -
672 3027 728 3090 διά
755 3033 853 3090 τοῦτο
881 3024 937 3091 καί
964 3025 1137 3093 ἀθάνατον
1159 3023 1203 3089 λε’-

195 3167 296 3229 γεται.
342 3139 406 3206 ἀπὸ
433 3145 491 3220 τῆς
517 3135 624 3210 αίτίας
649 3132 770 3214 ταύτης
796 3131 890 3215 ἡμεῖς
917 3130 1058 3217 λέγομεν
1085 3136 1123 3200 τὸ
1144 3141 1202 3216 πῦρ

197 3249 452 3336 βαρβαρίζοντες
481 3243 603 3322 ίστίαν,
633 3239 719 3304 διότι
746 3239 793 3312 είς
815 3238 874 3302 τὸν
897 3239 981 3303 ναὸν
1008 3247 1067 3323 τῆς
1085 3237 1204 3313 Ἑστίας

196 3355 344 3440 ὑπῆρχεν
371 3350 425 3416 ἀεί
448 3369 528 3414 ποτε
554 3347 592 3411 τὸ
619 3351 687 3436 πῦρ
714 3343 886 3425 ἀσβεστον.
936 3345 983 3420 είς
1009 3355 1131 3412 τοῦτον
1151 3346 1204 3410 τὸν

273 3585 287 3632 1
307 3572 425 3648 έξαρχῆς
442 3573 509 3634 vat.
595 3575 627 3625 12
646 3567 737 3639 μόνως
755 3568 820 3624 vat.
