2558 4036
509 219 727 286 ..53-

102 391 177 447 τών
208 379 280 465 μετ’
311 379 434 462 αὐτοῦ,
464 378 584 456 οἵτινες
612 377 755 465 ἐξῆλθον
785 379 849 445 ἀπὸ
877 388 934 464 τῆς
956 377 1130 467 Ἀρκαδίας

102 485 164 554 καὶ
188 482 385 575 κατῴκησαν
409 495 544 570 πρῶτον
567 486 614 562 εἰς
637 486 698 569 τὴν
722 483 954 574 Σαμοθρᾴκην
976 484 1032 552 καί
1050 488 1130 572 μετὰ

102 603 214 659 ταῦτα
238 591 382 675 ἐξῆλθον
413 589 468 656 καὶ
495 588 691 678 κατῴκησαν
718 593 797 676 μετὰ
824 601 886 657 τοῦ
912 593 1060 678 Τεύκρου
1084 595 1130 670 εἰς

101 703 189 778 τοὺς
217 702 341 776 τόκους
364 696 527 781 ἐκείνους,
550 698 607 762 ἵνα
631 706 721 783 φανῇ
751 698 806 763 διὰ
829 699 977 782 πάντων,
1002 699 1052 764 ὅτι
1075 697 1130 764 καὶ

106 807 145 873 οἰ
169 810 280 893 Τρῶες
302 801 357 869 καί
379 805 420 869 τὰ
439 803 588 888 ἀπόγονοι
612 804 723 870 αὐτῶν
742 803 778 871 έκ
796 802 915 889 γένους
932 800 1018 889 ἦσαν
1038 803 1131 890 ἑλλη-

105 921 210 978 νικοῦ
238 909 293 976 καί
323 909 417 988 τέλος
443 907 579 994 γένηται
602 909 819 997 συμπέρασμα
847 911 896 977 ὅτι
924 908 979 977 καί
1002 911 1038 976 οἰ
1057 909 1131 977 Ῥω-

107 1028 215 1104 μᾶνοι
251 1017 401 1102 ἀτόγονα
435 1018 528 1094 ὄντες
563 1026 624 1082 τοῦ
656 1018 797 1083 Αἰνείου
828 1015 883 1083 καί
921 1027 989 1084 τῶν
1021 1019 1133 1083 ἄλλων

111 1125 243 1210 Τρώων
266 1125 387 1201 οἵτινες
411 1118 498 1207 ἦσαν
521 1119 589 1208 μετ’
617 1122 746 1189 ἐκείνου
770 1123 851 1189 ὅταν
873 1119 980 1208 ἦλθεν
1002 1127 1049 1202 εἰς
1071 1127 1133 1209 την

107 1229 267 1313 Ἰταλίαν,
292 1229 353 1295 οόκ
376 1231 439 1295 εἰσι
463 1230 626 1315 βάρβαροι
648 1227 703 1294 καί
727 1227 857 1296 ἐθνικοὶ
880 1231 1055 1316 ἄνθρωποι
1078 1232 1133 1300 καί

111 1338 320 1420 ἀπαίδευτοι,
344 1335 428 1402 ἀλλὰ
450 1333 610 1420 Ἓλληνες
635 1333 690 1400 ααί
708 1331 877 1422 Ἑλλήνων
905 1337 1055 1420 ἀκύμονα
1076 1347 1133 1414 καὶ
1153 1352 1185 1400 10

116 1444 176 1509 διὰ
198 1452 297 1508 τοῦτο
325 1444 452 1527 ἔντιμοι
478 1440 534 1506 καὶ
561 1445 717 1528 χρήσιμοι
740 1444 925 1528 ἅνθρωποι.
970 1441 1084 1507 καί”
1049 1443 1132 1526 αότη

111 1548 206 1617 ἐστίν
235 1549 300 1632 ἡα
303 1550 368 1614 ἰτία
393 1543 437 1613 δι’
468 1547 512 1631 ἣν
535 1549 736 1633 μνημονεύει
764 1573 822 1633 της
844 1546 1106 1636 Σαμοθρᾴκης*
1089 1573 1134 1625 ως

109 1662 258 1740 εἴπομεν.
293 1650 375 1737 ηόὲ
399 1652 565 1739 ἕτέραίτ
513 1679 565 1718 ατ
568 1657 601 1719 ία
568 1650 667 1718 ίόί
689 1654 733 1738 ἣν
750 1656 983 1740 μνημονεύετε
984 1686 1016 1729 3
1038 1683 1139 1748 ιαααα
1124 1684 1187 1729 αα

12 1821 14 1826 .
106 1762 213 1827 πόλιν
239 1769 297 1844 της
323 1756 551 1848 Σαμοθρηίκης
578 1760 615 1827 έν
643 1758 742 1848 ἑτέρῳ
770 1761 860 1848 τόκῳ
882 1770 944 1826 τοῦ
972 1751 1050 1872 ⁶2²⁶
1038 1770 1066 1814 'V
1086 1771 1173 1813 “W“

112 1867 219 1934 αὐτοῦ
249 1869 383 1951 βιβλίου
415 1865 471 1931 ιιαί
504 1869 606 1950 λόγου
639 1864 708 1932 ἐστὶ
741 1867 797 1932 διὰ
829 1844 985 1932 εἰδωλα
986 1895 1051 1960 αααγα
998 1840 1174 1956 vadem
1106 1829 1144 1872 Σ
1129 1842 1187 1882 W

112 1980 208 2040 θεῶν
230 1996 333 2039 τινων
357 1971 541 2057 έλληνικῶν
562 1982 713 2059 τρωικών
736 1973 832 2037 ἅτινα
860 1996 951 2058 μειε-
1040 1967 1125 2020 wotos.

113 2083 256 2165 κόμισεν
278 2079 296 2145 6
320 2081 458 2157 Αἰνείας
481 2079 545 2144 ἀνιὸ
569 2089 626 2164 της
651 2079 809 2164 Τρωάδος
832 2082 879 2157 εἰς
905 2081 967 2164 την
990 2078 1133 2146 Ἰταλίαν

115 2184 173 2252 καί
197 2187 374 2269 έθηκενί
344 2210 390 2263 ες
411 2186 449 2250 τὸ
473 2186 667 2251 Λαιούνιον.
699 2183 754 2251 καί
778 2185 841 2252 ἀπὸ
864 2195 926 2252 τοῦ
948 2190 1158 2252 Λαιουνίου

117 2293 155 2359 οἰ
177 2293 339 2377 ἀπόγονοι
368 2292 472 2358 αὐτοῦ
495 2294 712 2377 μετεκόμισαν
735 2293 836 2358 πάλιν
855 2294 902 2370 εἰς
923 2294 985 2377 την
999 2292 1136 2377 ’Ἄλβαν

115 2400 237 2484 ἥντινα
265 2402 398 2464 ἔκτισαν
425 2401 524 2464 πόλιν
555 2399 715 2483 μεγάλην·
752 2397 807 2465 καὶ
836 2398 919 2464 αὐτὰ
946 2401 986 2463 τὰ
1013 2399 1136 2464 εἴδωλα
1153 2414 1188 2464 20

116 2508 174 2571 διὰ
197 2506 317 2583 νυκτὸς
340 2508 469 2589 ἔφυγον
492 2504 555 2570 ἀπὸ
578 2513 636 2589 τῆς
652 2503 777 2588 ’Ἄλβας
797 2503 853 2570 καὶ
876 2504 1066 2592 εὑρέθησαν
1089 2506 1136 2581 εἰς

117 2614 156 2678 τὸ
180 2613 376 2678 Ααιοόυιον.
421 2609 478 2676 καί
505 2612 585 2696 μετὰ
607 2613 752 2688 πολλοὺς
781 2613 924 2697 χρόνους
946 2608 1135 2696 εὑρέθησαν

117 2720 166 2795 εἰς
187 2718 250 2802 τὴν
267 2714 408 2804 Ῥώμην,
432 2717 546 2794 καθὼς
568 2716 655 2802 λέγει
679 2716 784 2794 οὕτως
806 2717 824 2783 6
847 2718 1039 2794 Διονύσιος.
1080 2713 1136 2782 καί

117 2818 209 2890 εἰόευ
231 2821 286 2888 καί
310 2819 407 2900 οὗτος
429 2823 499 2888 ἐκεῖ
519 2825 566 2901 εἰς
583 2825 644 2908 την
663 2821 788 2908 Ῥώμην
808 2825 855 2900 εἰς
872 2825 1017 2901 πολλοὺς
1034 2826 1138 2901 ναοὺς

116 2930 158 2996 οὐ
187 2931 228 2996 τὰ
255 2931 419 2995 καθολικίι
448 2928 558 2995 έκεῖνα
584 2927 639 2994 καί
667 2939 781 3014 πρώτα
814 2930 951 3014 εἰόωλα,
983 2929 1067 2996 ἀλλὰ
1098 2931 1139 2995 τὰ

118 3036 312 3121 ὁμοιώματα
336 3037 446 3101 αὐτῶν
470 3038 576 3121 ἤγουν
598 3037 639 3100 τὰ
662 3037 784 3102 εἰόωλα
807 3047 874 3102 τῶν
899 3037 1049 3102 εἰδώλων
1070 3045 1138 3100 τών

117 3143 262 3230 πρώτων
285 3143 382 3208 ἅτινα
404 3144 529 3227 ἤγαγεν
553 3141 571 3207 6
594 3143 731 3220 Αἰνείας
754 3141 818 3209 ἀπὸ
843 3153 899 3228 τῆς
919 3142 1076 3226 Τρωάδος
1095 3142 1139 3219 ὡς

117 3255 264 3335 εἰτομευ.
310 3249 464 3332 βούλεται
492 3257 577 3332 γοῦν
604 3249 660 3313 ἵνα
694 3248 801 3334 ἰείξη,
835 3249 886 3313 ότι
916 3245 971 3312 καί
1000 3248 1036 3312 οἰ
1059 3247 1137 3312 θεοὶ

118 3356 215 3423 νότοι
239 3355 275 3421 οἰ
294 3353 429 3440 τρωικοὶ
452 3364 513 3420 τοῦ
536 3356 676 3421 Αἰνείου
698 3349 785 3438 ησαν
809 3352 992 3438 ἕλληνικοί,
1017 3353 1137 3430 οἵτινες

192 3589 218 3640 ό.
239 3589 255 3638 7
275 3580 410 3652 ἀκόγωνα
429 3581 508 3638 codd.
584 3587 616 3636 19
634 3579 703 3636 πόλι
722 3581 783 3639 Vas„
