2546 4042
554 206 705 260 -XVI
754 232 790 242 -

164 356 300 438 σβηροῠ.
340 353 393 418 Ab
412 352 525 419 eodem
543 375 643 419 manu
664 354 752 418 tituli
775 354 939 437 opusculis
965 355 1072 422 tribus
1097 377 1182 440 quae
1261 353 1265 438 ξ

164 460 311 526 eontinet
334 459 433 524 sodex
455 460 635 545 praepositi
659 455 777 544 sunt¹)

253 563 488 630 Taurinensem
512 565 654 631 codicem
673 585 690 629 s
708 562 873 631 Vstiouuo
894 565 1182 651 neglegentissime

166 670 363 756 descriptum
386 692 457 737 esse
480 671 697 738 demonstrari
718 673 837 755 potest
870 669 1075 757 Quamquam
1095 672 1183 756 quod

164 778 252 843 inter
275 799 309 842 se
332 776 451 863 ubique
474 777 541 844 fere
565 779 758 860 congruunt,
779 797 847 842 non
869 780 1064 843 cerronesi
1087 799 1184 863 argu-

165 887 311 949 mentum
338 883 426 948 huno
454 906 493 949 ex
515 883 574 949 illo
596 883 744 968 fluxisse,
766 886 876 950 tamen
900 883 978 968 quin
1000 905 1053 948 res
1077 884 1126 975 ita
1150 905 1183 949 se

164 989 286 1054 habeat
308 988 451 1054 dubitari
473 1011 540 1056 non
556 992 676 1075 potest.
721 989 771 1055 Ao
793 990 934 1075 primum
959 990 1089 1074 quidem
1110 1011 1183 1056 oon·

165 1095 251 1160 feras
288 1094 387 1160 hosoe
418 1095 527 1162 locos:
568 1095 628 1181 45,
658 1095 699 1160 14
733 1097 940 1179 ζηλοτυπῆσαι
971 1093 1012 1179 Τ,
1054 1097 1185 1178 ζηλοτυ-

165 1202 254 1284 τήσοι
274 1203 279 1279 Ι
299 1217 342 1265 σοι
369 1200 444 1267 vat.
490 1202 550 1285 62,
572 1202 593 1266 3
621 1201 768 1268 αἰνίσιιων
794 1201 835 1286 Τ,
862 1224 901 1266 νε
928 1199 1076 1267 ἀνίσκων
1108 1200 1185 1267 Vas.

167 1308 223 1391 76,
250 1309 267 1372 1
301 1305 386 1391 ἡμᾶς
416 1307 620 1402 ταιότηςιΤ,
656 1305 724 1393 ripa
748 1305 753 1395 Ι
777 1309 908 1391 ταιότης
929 1304 1005 1372 Vas.
1055 1305 1185 1373 Desunt

169 1411 284 1477 deindo
302 1412 336 1476 in
354 1411 546 1478 Taurinensi
564 1415 617 1478 tot
634 1414 743 1498 verbs,
767 1416 847 1497 quot
865 1413 898 1478 in
911 1410 988 1479 Vst.
1005 1434 1070 1478 uno
1089 1435 1185 1479 versu

166 1519 288 1603 scripta
301 1517 455 1603 leguntur
471 1518 521 1601 10,
535 1518 588 1584 25.
602 1518 645 1584 26
662 1515 742 1584 οὐδὲ
757 1555 797 1566 -
814 1519 956 1585 διάνοια.
1001 1519 1055 1603 36,
1075 1519 1127 1584 17.
1144 1521 1184 1585 18

167 1623 419 1709 ἐπανερχόμεθα
437 1660 480 1672 -
500 1624 659 1709 ἱστορίαν.
690 1624 797 1689 Simili
817 1626 943 1692 scribae
961 1628 1056 1710 lapsu
1072 1625 1183 1709 17,12

166 1732 265 1796 verba
288 1731 344 1796 διὰ
366 1731 428 1815 τὴν
450 1767 494 1779 -
516 1731 695 1813 γενναίους
717 1730 915 1798 exciderunt.
960 1730 1028 1798 Ubi
1054 1751 1128 1796 oum
1151 1732 1187 1796 in

168 1837 330 1902 Vaticano
353 1836 401 1901 its
423 1858 535 1902 versus
560 1836 802 1921 distinguamur

974 1962 1074 2008 πειται

259 2045 441 2131 δεομένους
465 2048 520 2112 διδι
542 2048 604 2131 τὴν
627 2049 797 2112 πολιτείαν
821 2049 898 2125 τοὺς
921 2047 1100 2133 ἀνδρείους

257 2151 313 2219 καὶ
335 2154 512 2237 γενναίους
536 2154 592 2219 διὰ
614 2154 676 2238 τὴν
698 2157 888 2238 γυμνασίαν
910 2152 966 2221 καί
988 2157 1050 2239 τὴν
1076 2193 1127 2241 -,

170 2302 188 2343 s
211 2280 320 2362 priore
344 2278 401 2343 διδι
423 2279 485 2362 τὴν
508 2279 549 2344 ad
572 2279 710 2344 alterum
733 2279 899 2345 aberravit
922 2279 1047 2345 scribae
1071 2282 1185 2346 oculus

169 2405 312 2470 quaeque
335 2385 499 2449 intersunt
522 2385 622 2450 verbs
646 2384 766 2452 omisit.

255 2489 366 2574 Atque
389 2513 428 2556 ex
446 2490 638 2556 Taurinensi
661 2490 790 2575 quidem
813 2490 1010 2576 descriptum
1030 2493 1080 2556 est
1099 2491 1187 2581 frug-

169 2602 314 2662 mentum
338 2598 425 2684 quod
448 2598 570 2683 legitur
592 2598 627 2662 in

256 2704 286 2771 3.
320 2702 438 2770 (indico
467 2702 616 2769 Parisino
644 2701 732 2769 2503
761 2700 828 2789 (p),
860 2703 1032 2768 chartaceo
1039 2753 1048 2788 ,
1077 2704 1186 2770 forms

167 2809 286 2893 medis,
319 2809 438 2875 saeculi
460 2806 555 2892 XVI,
578 2808 621 2874 22
640 2808 695 2873 fol.
744 2807 863 2874 Insunt
896 2809 1027 2874 oracula
1056 2810 1186 2895 magica
1264 2833 1265 2846 ¹

168 2915 400 2999 discipulorum
424 2913 606 2978 Zoroastris
630 2936 703 2979 oum
731 2914 979 2999 commentario,
1009 2911 1185 2980 Themistii

167 3043 243 3104 pars
281 3020 516 3104 paraphraseos
560 3020 720 3085 librorum
756 3019 946 3086 Aristotelis
988 3021 1026 3085 de
1068 3021 1188 3106 anima,

168 3146 381 3156 ——n-——n

240 3215 267 3282 1)
287 3212 378 3282 Ipsius
396 3209 564 3281 possessoris
584 3228 682 3265 manus
700 3209 814 3266 videtur
832 3226 901 3266 esse.
931 3209 1046 3266 Gabriel
1064 3209 1185 3267 Severus

166 3283 405 3339 Monembasiotes
420 3298 492 3337 anno
501 3287 571 3337 1577
587 3280 814 3351 archiepiscopus
823 3280 1037 3350 Philadelphise
1051 3281 1081 3336 in
1096 3283 1187 3350 Lydis

168 3354 240 3409 sitae
258 3354 350 3410 factus
367 3352 434 3408 inde
453 3352 601 3407 Venetiam
619 3369 648 3406 se
667 3353 789 3407 eontulit
807 3356 836 3407 et
854 3351 969 3408 Grseois
994 3351 1035 3406 ibi
1053 3353 1184 3408 hubitan-

168 3425 243 3479 tibus
262 3423 384 3493 fideique
402 3424 574 3480 orthodoxae
594 3438 707 3492 operum
722 3423 837 3480 neverit
855 3422 903 3490 (of.
922 3422 1010 3477 Ersoh
1024 3441 1052 3478 u.
1068 3421 1186 3492 Gruber,

167 3496 235 3549 Eno.
249 3497 268 3550 I.
284 3495 342 3550 Ser.
362 3496 466 3550 10152
485 3512 511 3563 p.
528 3496 581 3563 71).
618 3495 719 3549 Forma
737 3491 842 3566 Σβιρδς
865 3492 911 3548 vel
928 3492 1041 3561 Σβηρός
1058 3510 1110 3563 pro
1133 3497 1187 3550 Σε-

168 3568 253 3636 βῆοος
271 3565 375 3634 legitur
394 3564 479 3620 etism
497 3563 528 3617 in
547 3562 639 3618 crusii
657 3565 862 3633 Turoogrseoia
880 3581 907 3633 p.
924 3569 987 3618 225.
