2546 4042
481 209 698 272 -41-

83 368 149 453 γὰρ
174 366 323 452 ὑπῆρχεν
342 366 490 432 ἐνταῦθα
508 366 529 451 ἡ
549 368 690 451 Σηστός,
714 367 749 432 οί
765 367 802 432 δε
820 363 930 433 κοινοὶ
947 365 1105 452 λέγουσιν

82 475 121 539 τὸ
156 473 366 561 άκρωτῆριον
398 471 551 559 Κριθενιιν
589 510 623 522 -
663 471 719 538 καὶ
754 473 855 539 πάλιν
887 474 950 539 άπὸ
982 477 1104 541 τούτου

85 578 208 666 ὑιενλθη
232 581 293 646 τὸν
316 581 470 664 αἰγιαλὸν
491 589 552 645 τοῦ
573 583 700 646 κόλπου
718 589 779 646 τοῦ
798 579 965 664 Μέλανος,
989 582 1104 648 ὅντινα

82 692 249 752 καλοῦσιν
277 687 313 752 οί
336 685 446 753 κοινοὶ
474 689 599 752 κόλπον
627 695 688 753 τοῦ
710 689 943 772 Μαγαρισίου,
970 685 1105 772 καὶτῆς

81 798 198 858 Λίνου
234 790 291 858 καὶ
324 794 365 858 τὰ
401 795 511 882 κύκλῳ
552 802 609 877 τῆς
646 798 754 858 Λίνου
795 792 889 879 μέχρι
921 797 1105 881 Μαρωνίας

84 897 141 965 καὶ
172 898 289 985 ἐφεξῆς
316 897 378 976 ἕως
406 895 447 965 οὑ
473 902 662 986 καταντήσῃ
689 899 789 964 πάλιν
822 901 869 978 είς
899 902 959 966 τὸν
990 899 1105 966 Νίσον

85 1007 256 1090 ποταμόν,
284 1006 366 1090 αὕτη
394 1006 415 1090 ῆ
446 1008 634 1093 περιγραφὴ
662 1004 717 1072 καὶ
744 1006 765 1090 ῆ
793 1016 834 1091 γῆ
862 1015 951 1072 πάσα
978 1005 1141 1090 λέγεταιν

85 1109 213 1199 Θράκη.
256 1111 343 1196 λε’γει
365 1120 451 1196 γοῦν
474 1113 586 1190 καθὼς
609 1115 736 1197 ἔφημεν
760 1112 974 1178 ὑΔιονό-ν’
1016 1125 1088 1171 ιὸΔ
1088 1125 1161 1188 αρδε-

86 1235 177 1302 σιος,
208 1218 259 1285 ότι
292 1218 309 1284 6
339 1221 456 1296 στόλος
483 1214 581 1296 οὑτος
608 1228 669 1284 τοῦ
691 1219 874 1304 Δαρδάνου
905 1219 923 1284 6
946 1140 1032 1327 νζῗςνν
1024 1195 1084 1332 Ανρὼ
1080 1193 1153 1320 666⁷:

85 1325 267 1411 άρκαῦικὸς
282 1326 337 1390 όια
352 1335 411 1391 τοῦ
426 1328 580 1411 αἰγιαλοῦ
593 1334 651 1410 τῆς
666 1326 791 1403 δύσεως
804 1328 975 1410 κατῆν-κα
944 1337 1084 1397 ιηνιη
1101 1336 1161 1395 μετὰ

84 1448 189 1516 τησεν
213 1433 259 1508 είς
281 1432 321 1496 τὰ
344 1430 426 1517 με’ρη
450 1440 508 1515 τῆς
530 1428 663 1518 Θράκης
680 1429 775 1496 καλέ
759 1429 908 1516 ἐίξέβη
876 1455 923 1509 ες
961 1424 1035 1538 ⁰6er
1026 1413 1136 1526 ,ννέζο
1090 1497 1147 1537 w
1105 1411 1161 1455 ⁰²⁰⁶

87 1541 198 1622 νῆσόν
224 1561 300 1604 τινα
328 1547 385 1621 τῆς
409 1535 542 1625 Θρᾳκης
569 1539 675 1621 ῆγουν
702 1539 749 1614 είς
776 1537 837 1621 τῆν
860 1547 924 1604 νῦν
946 1550 1004 1667 θρῆο
998 1498 1077 1680 κιΞέα
1047 1550 1111 1597 nal?
1100 1564 1162 1666 τὺωι

89 1642 305 1730 καλουμένην
337 1641 578 1732 Σαμοθρηίκην.
633 1642 721 1727 λέγει
752 1653 837 1727 γοῦν
873 1639 991 1710 ὅτιων
964 1711 977 1738 ν
980 1639 1044 1751 ηῆνσον
1071 1639 1139 1739 Jofiw

89 1748 194 1817 οὐδὲν
227 1751 382 1832 γινώσκει
414 1751 465 1816 ότι
496 1751 533 1816 τὸ
572 1752 692 1834 νησίον
723 1759 822 1815 τοῦτο
860 1756 923 1816 είτε
972 1762 1127 1826 Σαμοθρίιι

88 1857 291 1941 οἰκούμενον
323 1854 449 1942 ὑπῆρχε
476 1853 531 1921 καὶ
560 1857 623 1936 πρὸ
656 1864 717 1922 τοῦ
749 1856 863 1922 ἐλθεῖν
894 1857 954 1921 τὸν
986 1859 1107 1922 στόλον

89 1971 213 2030 τοῦτον
237 1964 284 2040 είς
307 1962 387 2027 αὐτὸ
416 1967 480 2027 είτε
511 1963 636 2028 άοικον.
681 1971 779 2028 τοῦτο
803 1957 840 2027 66
863 1964 1034 2048 γινώσκει,
1057 1963 1109 2028 ότι

90 2071 240 2136 ἀπὸτοῦ
264 2076 382 2153 καιροῦ
405 2067 535 2133 ἐκείνου
559 2068 740 2153 ὠνομάσθη
764 2069 785 2153 ῆ
808 2077 910 2154 νῆσος
933 2070 1015 2154 αῦτη
1039 2074 1108 2135 Σα-

88 2175 260 2264 μοθρᾴκη·
284 2175 348 2259 πρὸ
371 2175 493 2241 τούτου
516 2175 579 2260 γάρ
599 2176 705 2260 ὄνομα
725 2172 826 2241 οὐδὲν
845 2170 941 2260 εἶχεν.
978 2173 1107 2260 ἐγένετο

90 2280 190 2349 6616
215 2283 322 2365 όνομοι
344 2290 403 2364 τῆς
420 2283 527 2364 νήσου
547 2280 610 2345 άπὸ
630 2281 692 2346 δύο
712 2281 885 2366 ὀνομάτων
903 2288 1108 2367 συμπεπλεγ-

89 2387 204 2474 μένων
228 2387 382 2470 ἀλλήλοις
405 2388 442 2452 ἓν
466 2388 572 2468 ὄνομα
597 2388 778 2472 σύνθετον,
809 2389 889 2474 ὅπερ
913 2389 949 2453 οί
969 2393 1108 2455 Λατῖνοι
1127 2405 1163 2453 20
1213 2427 1216 2432 ·

89 2494 230 2580 λέγουσι
256 2496 468 2579 κομπόσιτον.
514 2493 578 2559 άπὸ
606 2496 669 2579 γάρ
696 2503 754 2578 τῆς
781 2493 920 2578 ἀντικρὺ
951 2503 1011 2578 γῆς
1038 2497 1109 2579 ῆτις

89 2601 221 2686 λέγεται
259 2598 372 2687 Θρηίκη
410 2597 464 2666 καὶ
497 2601 661 2684 Σάμωνος
698 2599 772 2678 ἑνὸς
801 2598 981 2684 Ἕλληνος,
1019 2602 1110 2678 ὅστις

89 2706 272 2793 ὑπέμεινεν
290 2706 360 2772 ἐκεῖ
376 2706 412 2771 ἐκ
430 2715 491 2773 τοῦ
510 2709 632 2772 στόλου
649 2707 772 2772 τούτου
790 2705 845 2780 καὶ
864 2710 991 2772 ἔκτισεν
1009 2711 1109 2773 πόλιν

89 2811 148 2880 καὶ
167 2819 295 2878 οίκισεν
312 2815 350 2878 τὸ
368 2815 488 2897 νησίον
506 2810 560 2878 καί
580 2812 772 2899 ἐκυρίευσεν
791 2813 904 2898 αὐτοῦ,
925 2815 1107 2899 ὠνομάσθη

90 2916 316 3007 Σαμοθρηίκη,
340 2917 429 2984 τοῦτ’
448 2923 516 2986 ε”στι
539 2928 600 2985 τοῦ
624 2920 788 3005 Σάμωνος
810 2921 830 3004 ῆ
856 2918 979 3009 Θρᾴκη.
1012 2916 1110 2998 οὗτος

90 3023 129 3092 δὲ
153 3025 171 3091 6
192 3024 320 3109 Σάμων
339 3025 487 3110 ὑπῆρχεν
504 3025 578 3102 υίὸς
595 3035 656 3090 τοῦ
673 3032 759 3092 θεοῦ
777 3034 838 3092 τοῦ
853 3025 976 3112 Ἑρμοῦ
994 3028 1109 3093 ὅντινα

90 3135 126 3199 oc
156 3135 299 3197 Λατῖνοι
330 3130 466 3214 λέγουσι
499 3133 723 3217 Μερκούριον.
773 3135 842 3198 ἔστι
875 3131 912 3199 66
946 3133 963 3199 6
991 3132 1110 3219 Ἑρμῆς

91 3234 192 3316 οὗτος
221 3235 276 3303 καὶ
304 3237 407 3322 άστῆρ
436 3238 473 3304 ἐν
501 3245 546 3326 τῷ
575 3237 708 3326 οὐρανῷ
741 3238 854 3315 καθὼς
886 3237 940 3304 καί
974 3239 992 3305 6
1025 3241 1110 3316 Ζεὺς

89 3348 151 3412 καί
171 3344 242 3410 ἐστι
265 3341 320 3408 καὶ
342 3345 423 3422 θεὸς
445 3345 572 3428 ῦευῦῆς
594 3343 649 3410 καὶ
676 3343 903 3423 ἀνυπόστατος
931 3344 1110 3429 ἑλληνικός.

164 3579 181 3628 ῦ
200 3573 359 3645 μαρωνείοις
378 3573 410 3630 V.
