2546 4042
493 232 734 287 —XXI—

173 459 176 464 Ι
202 381 397 466 Smaragdae
425 380 669 447 Canabutaenae
698 380 896 466 (Σμαράγδα
923 383 1117 464 Καναβούτ-

111 487 219 573 gnava)
235 491 341 553 exstat
360 488 500 572 epistula
515 486 596 554 Ohio
613 489 652 553 ad
669 488 887 554 Theodosium
906 488 1115 575 Zygomalam

111 596 233 679 scripta
257 617 341 660 anno
367 594 453 659 1580
481 591 580 681 (apud
604 593 754 660 Crusium
777 594 930 680 Turoogr.
955 617 983 678 p.
1008 596 1114 661 309-

111 699 202 788 311).
248 701 336 778 Quae
359 722 431 765 oum
454 701 566 766 affines
591 702 720 785 quidem
743 703 777 765 in
799 703 878 765 urba
898 699 979 765 Chio
1003 723 1037 766 se
1060 703 1116 766 ha-

109 808 196 890 bere,
219 806 274 871 sed
299 806 512 893 alienigenam
536 829 605 872 esse
629 809 661 871 et
684 808 786 872 solam
806 804 918 894 (ξένην
939 805 994 871 καὶ
1014 831 1115 891 μονα-

110 910 189 1001 χήν)
224 910 365 977 affirmet
394 934 575 998 nomenque
602 912 684 977 illud
712 913 808 978 hodie
835 934 997 996 nusquam
1025 937 1113 998 repe-

110 1020 214 1100 riatur
241 1020 303 1084 nisi
326 1018 459 1104 Bolissi‚
488 1023 521 1083 et
543 1021 649 1104 ipsam
671 1018 798 1099 Bolisso
823 1019 993 1084 oriundam
1015 1021 1115 1085 fuisse

111 1149 238 1191 summa
262 1148 334 1190 oum
357 1127 425 1190 vari
449 1127 553 1211 speoia
577 1127 696 1192 oonioit
718 1126 858 1191 Zolotas.

201 1232 325 1308 Quibus
355 1231 498 1297 familiae
530 1233 676 1318 vestigiis
705 1257 724 1298 a
755 1231 871 1299 Zolota
897 1233 1059 1317 indagatis
1088 1234 1116 1296 si
1195 1243 1196 1247 ’

111 1338 259 1404 addimus
283 1338 510 1404 documentum
529 1339 621 1424 illud,
641 1339 725 1424 quod
750 1361 833 1404 anno
855 1339 937 1405 1511
959 1339 1115 1422 scriptum

111 1448 161 1509 est
179 1441 295 1530 (praef.
309 1467 340 1529 p.
350 1443 437 1530 VII),
456 1451 586 1530 gentem
605 1443 864 1511 Canabutzarum
883 1446 922 1510 ab
943 1467 1027 1510 anno
1047 1446 1113 1510 fere

109 1551 312 1632 octogesimo
342 1555 418 1634 post
445 1550 576 1616 Ioannis
605 1551 753 1636 magistri
781 1555 921 1617 aetatem
949 1551 1114 1636 usquead

108 1660 223 1722 nostra
241 1662 389 1742 tempora
406 1659 440 1722 in
464 1657 570 1722 insula
588 1655 670 1722 Ohio
692 1657 856 1722 habitasse
877 1659 973 1741 atque
1004 1657 1116 1722 etiam·
1198 1745 1199 1750 ἵ

109 1786 195 1829 nuno
228 1770 354 1829 exstare
387 1765 687 1828 demonstravimus.
737 1762 880 1848 Cumque
914 1763 970 1846 qni
1001 1770 1116 1848 postea

110 1875 220 1936 essent
242 1868 363 1935 Bolissi
387 1869 585 1934 domicilium
607 1868 759 1934 habuisse
783 1873 921 1955 constet,
952 1869 1059 1953 ipsum
1081 1871 1116 1933 in

110 1999 148 2043 eo
173 1977 292 2062 oppido
315 1975 481 2042 habitasse
505 1976 582 2041 lieet
605 1975 770 2059 suspicari.
