2558 4036
582 225 802 291 -λ-

187 387 305 470 ποόον,
328 385 409 471 όπερ
432 383 542 470 μέλλει
565 382 723 469 γενέσθαι
747 383 836 472 αὐτῷ
858 383 982 467 όόηγὸς
1003 393 1071 449 ποῦ
1095 383 1212 468 μέλλει

187 494 297 557 κτίσαι
309 492 371 576 τὴν
384 493 494 573 πόλιν,
512 489 623 575 μέλλει
636 499 796 574 γεννῆσαι
810 491 858 567 εἰς
871 492 930 556 τὸν
948 492 1053 555 τόπον
1075 489 1211 558 ἐκεῖνον
1269 499 1270 512 ³

186 597 243 664 καὶ
270 599 351 683 μετὰ
377 598 560 674 τοσούτους
586 599 729 684 χρόνους
756 596 819 661 ὅσα
848 598 965 662 παιδία
993 599 1142 684 γεννήσῃ
1171 600 1210 664 τὸ

188 704 404 790 τετράποόον,
428 702 593 788 μέλλωσιν
616 704 652 768 οἰ
670 702 831 787 ἀπόγονοι
850 702 953 768 αὐτοῦ
971 705 1083 770 κτίσαι
1102 706 1211 790 άλλην

188 815 288 878 πόλιν
328 811 475 895 μεγάλην
515 808 570 876 καί
606 810 877 896 πολυάνθρωπον
917 807 973 876 καί
1012 810 1210 896 εὐδαίμονα.

188 921 281 1001 ἔλεγε
295 913 332 982 δὲ
349 926 449 982 τοῦτο
468 918 525 982 διὰ
542 914 747 1001 τῆν”Αλβαν
788 916 806 982 6
825 925 910 1000 γοῦν
928 919 1067 994 Αἰνείας
1084 917 1210 1002 ἤρξατο

156 1027 311 1103 ἵκτίζειν
341 1025 402 1107 τὴν
428 1026 528 1089 πόλιν
555 1024 602 1101 εἰς
628 1025 688 1089 τὸν
715 1025 819 1089 τόπον
846 1023 976 1089 ἐκεῖνον
1003 1026 1090 1088 ἔνθα
1117 1022 1211 1107 ἐγέν-

134 1182 177 1236 ms·
187 1179 239 1239 mo,
248 1180 351 1224 Am„
372 1146 454 1213 νησε
485 1130 523 1194 τὸ
556 1133 649 1208 ζῶον.
698 1129 716 1195 ό
749 1125 787 1195 δὲ
822 1131 979 1213 βασιλεὺς
1009 1139 1068 1214 τῆς
1098 1131 1212 1216 χώρας

135 1253 179 1337 '⁰3⁵
192 1249 305 1312 βασιλέως
313 1252 353 1309 τῆς
375 1234 502 1322 ἐκείνης
536 1236 674 1321 ὀνόματι
706 1240 852 1314 Λατῖνος
887 1237 1009 1320 μαθὼν
1040 1239 1078 1303 τὸ
1112 1237 1212 1320 γένος

138 1336 215 1384 χωρας
239 1323 352 1366 ‘mm'
375 1339 460 1426 ἦλθε
482 1340 538 1409 καὶ
561 1339 713 1429 ἐπολέμει
731 1343 811 1427 μετὰ
828 1351 889 1408 τοῦ
908 1343 1050 1408 Αἰνείου
1067 1340 1124 1407 καὶ
1143 1354 1213 1408 τῶν

188 1445 374 1533 Ἑλλήνων,
401 1449 458 1514 ἵνα
487 1447 629 1535 ἐκβάλλῃ
658 1449 761 1514 αὐτὸν
787 1447 851 1514 άπὸ
877 1458 936 1534 τῆς
962 1449 1072 1534 χώρας
1096 1449 1213 1515 αὐτοῦ.

192 1555 227 1622 οἰ
249 1553 287 1622 δὲ
309 1554 385 1622 θεοὶ
404 1556 461 1620 διὰ
480 1556 601 1632 νυκτὸς
618 1553 754 1639 λέγουσι
772 1563 817 1644 τῷ
837 1557 984 1643 Λατίνῳ,
1006 1555 1064 1620 ἵνα
1083 1554 1214 1634 δέξεται

191 1664 251 1729 τὸν
283 1663 391 1748 άνόρα
418 1670 539 1728 τοῦτον
570 1661 625 1728 καὶ
657 1664 717 1728 τὸν
749 1663 832 1727 λαὸν
864 1662 969 1727 αὐτοῦ
1001 1660 1058 1728 καὶ
1086 1666 1212 1748 ποιήσῃ

192 1772 309 1854 φιλίαν
336 1768 392 1835 καὶ
420 1768 553 1853 ἀγάπην
584 1766 653 1854 μετ’
687 1768 806 1852 αὐτοῦ,
834 1767 886 1832 ότι
917 1777 1016 1834 τοῦτο
1044 1771 1138 1834 ἔσται
1166 1771 1215 1846 εἰς

139 1903 188 1952 ογ,
212 1909 354 1969 mmm
375 1875 458 1961 μέγα
486 1878 608 1961 όφελος
636 1875 748 1941 αὐτοῦ.
793 1877 945 1958 ἤλθοσαν
977 1884 1064 1957 γοῦν
1096 1874 1115 1940 6
1143 1879 1215 1940 Λα-
1275 1907 1276 1930 ι

166 1979 269 2023 ³¹va
291 1977 330 2022 καὶ
378 1993 469 2060 τίνος
503 1980 558 2048 καί
595 1982 613 2048 6
649 1983 788 2058 Αἰνείας
823 1983 871 2058 εἰς
907 1981 1123 2067 συμβιβάσεις
1157 1979 1215 2047 καὶ

138 2048 355 2170 ᾖξ’ῗζῡκῗαῖοΐ
378 2089 502 2154 ἔδωκεν
525 2088 543 2154 6
565 2092 711 2166 Λατῖνος
732 2089 794 2172 τὴν
816 2087 987 2173 θυγατέρα
1015 2088 1121 2154 αὐτοῦ
1144 2092 1215 2153 Λα·
1276 2149 1277 2154 ,

218 2191 274 2238 mv·
378 2197 479 2278 βίναν
498 2196 545 2271 εἰς
562 2205 704 2279 γυναῖκα
727 2196 811 2280 πρὸς
833 2196 892 2260 τὸν
911 2195 1053 2260 Αἰνείαν
1071 2192 1128 2260 καί
1151 2196 1216 2279 τὴν

193 2302 303 2388 κύκλῳ
335 2302 449 2385 χώραν
479 2311 541 2368 τοῦ
572 2304 677 2366 τόκου
710 2301 840 2367 ἐκείνου
872 2299 928 2366 καί
958 2309 1019 2366 τοῦ
1047 2301 1216 2383 αἰγιαλοῦ.

142 2426 177 2476 20
196 2407 214 2472 6
234 2409 272 2474 όε
294 2409 432 2485 Αἰνείας
454 2410 559 2474 ἔκτισε
582 2408 644 2492 τὴν
665 2409 764 2473 πόλιν
781 2405 836 2473 καί
855 2408 1030 2492 ὠνόμασεν
1047 2409 1085 2473 τὸ
1105 2409 1217 2493 ὄνομα

194 2514 296 2601 αὐτῆς
322 2516 478 2599 Λαβίναν
506 2517 544 2581 τὸ
572 2516 679 2600 ὄνομα
705 2523 763 2598 τῆς
790 2517 948 2598 γυναικὸς
975 2513 1098 2597 αὐτοῦ,
1132 2515 1217 2600 ὅπερ

193 2622 288 2706 ἡμεῖς
320 2620 500 2705 ἑλληνικῶς
531 2618 672 2706 λέγομεν
707 2621 903 2686 Λαιοόνιον.
956 2623 1003 2698 εἰς
1037 2629 1139 2685 τοῦτο
1177 2622 1217 2685 τὸ

194 2729 382 2794 Λαιοόνιον
402 2731 524 2812 έθηκεν
543 2727 561 2793 6
580 2729 718 2803 Αἰνείας
736 2729 815 2805 τοὺς
832 2728 935 2804 θεοὺς
953 2729 1033 2804 τοὺς
1049 2730 1219 2812 τρωικοὺς

194 2831 250 2900 καὶ
277 2836 318 2899 τὰ
346 2835 419 2919 ἰερά
447 2833 557 2898 αὐτῶν
589 2830 645 2898 καὶ
671 2834 711 2898 τά
738 2833 904 2899 παλλάόια
931 2830 988 2898 καὶ
1013 2832 1219 2917 κατέστησεν

196 2938 312 3025 έορτάς
339 2937 394 3005 καί
426 2940 550 3016 θυσίας
582 2935 637 3004 καί
673 2940 874 3025 πανηγύρεις
906 2940 988 3004 κατὰ
1020 2941 1080 3005 τὸν
1107 2940 1220 3005 τύπον

141 3057 175 3107 κ.
210 3061 285 3111 κτίσις
302 3055 362 3116 μετὰ
384 3044 500 3110 όντινα
523 3044 661 3111 ἐποίουν
684 3044 768 3110 αὐτοὶ
790 3047 838 3122 εἰς
859 3046 921 3130 τὴν
944 3046 1093 3131 Τρωάδα.
1134 3048 1220 3130 μετὰ

140 3127 344 3260 νζμάῗὲᾟλρῗ
380 3148 416 3217 66
452 3151 629 3236 τριάκοντα
666 3153 809 3236 χρόνους
850 3151 1048 3236 ηὐξήθησαν
1087 3153 1124 3217 οἰ
1159 3155 1220 3218 άν-

169 3206 356 3331 υςιιοοῑκας.βς
380 3266 513 3343 θρωποι
541 3266 601 3323 τοῦ
628 3259 816 3323 Ααιοννίον
843 3256 900 3323 καὶ
927 3258 1220 3342 έστενοχωροῦντο

197 3365 253 3432 καὶ
276 3363 516 3432 ἀποστέλλουσι
544 3361 599 3428 καὶ
627 3365 793 3442 κτίζουσιν
826 3365 873 3441 εἰς
900 3365 1004 3430 τόπον
1034 3367 1137 3430 καλὸν
1161 3363 1221 3429 καὶ

269 3598 302 3647 12
322 3590 441 3659 όέξαται
459 3591 523 3645 Vat.
