2558 4036
570 207 786 271 ..50-

61 358 71 374 ⁰
174 363 256 428 ὅλου
289 372 349 429 τοῦ
383 365 508 449 χρόνον
538 363 724 448 ἁπτόμενον
760 362 816 430 καὶ
848 367 1102 450 φυλαττόμενον
1133 365 1190 430 ἵνα

173 471 217 554 μὴ
252 469 353 556 σβέσῃ
386 469 451 535 ὑπὸ
485 469 665 555 παρθένων
701 481 881 554 γυναικῶν.
932 470 972 536 06
1009 472 1114 556 μόνον
1154 468 1191 536 66
1267 485 1268 542 ἒ

174 585 287 660 τοῦτο,
321 575 404 642 ἀλλὰ
435 575 491 641 καὶ
524 574 577 642 ἐπὶ
604 578 727 654 παντὸς
754 582 849 642 οίκου
878 575 1063 663 ἀνθρώπου
1095 575 1132 642 ἐν
1163 568 1189 664 ᾧ
1267 555 1268 580 ¹

173 685 306 749 ἅπτεται
333 692 417 769 πῦρ,
445 682 463 748 6
492 686 593 760 τόπος
620 682 746 764 ἐκεῖνος
773 680 864 749 ἑστία
893 687 1042 747 καλεῖται
1068 679 1124 748 καὶ
1151 684 1189 747 τὸ

132 833 175 893 6¹.
197 837 264 895 ,τη
254 835 320 884 ‘nv
355 797 423 873 πῦρ
444 788 552 855 ἐκεῖνο
575 798 632 874 τῆς
651 787 786 866 Ἑστίας
803 787 941 872 λέγεται.
972 787 1078 874 ἡγὰρ
1098 793 1191 872 λεγο-

118 925 183 973 eoa
133 913 200 955 oou'a
185 912 273 972 αὐτο
295 911 334 966 τῆς
356 893 437 980 μίνη
462 898 672 982 βαρβαρικῶς
697 898 877 982 παραστία,
904 896 994 979 παρὰ
1022 893 1063 959 δέ
1087 918 1190 960 τινων

122 983 209 1032 Em*
240 979 334 1036 λείπω·
330 1005 521 1088 πυροστία
548 1001 629 1067 αὐτὸ
661 1011 760 1066 τοῦτο
793 1003 947 1086 σημαίνει
980 1001 1062 1085 ὅπερ
1095 995 1190 1066 εἶπον

173 1111 318 1175 ύνωθεν.
367 1116 434 1195 πῦρ
461 1109 525 1192 γὰρ
550 1106 678 1185 Ἑστίας
708 1108 845 1192 ὀφεῖλον
878 1105 1037 1192 λέγεσθαι
1064 1109 1190 1191 βαρβα-

172 1211 285 1302 ρωθὲν
307 1217 470 1299 πυροστία
450 1212 641 1298 αλέγεται,
670 1215 754 1280 ὥστε
777 1213 795 1280 6
819 1216 919 1312 τόπος
942 1204 1030 1279 ἐν
1003 1241 1029 1280 ω
1055 1214 1189 1278 ίίπτεται

120 1340 153 1388 10
173 1321 256 1398 είς
243 1321 382 1387 ἕκαστον
405 1316 551 1387 οἷκον
521 1344 559 1386 το
582 1329 648 1407 πῦρ
672 1321 782 1404 ὥσπερ
801 1301 917 1397 ναόςέ
917 1336 969 1385 στι
988 1328 1047 1404 τῆς
1061 1317 1191 1396 Ἑστίας

171 1425 228 1492 καὶ
254 1429 291 1492 τὸ
322 1426 359 1492 ἐν
386 1426 475 1514 αὐτῷ
502 1437 569 1510 πῦρ
596 1437 663 1510 πῦρ
690 1435 748 1511 τῆς
767 1424 895 1503 Ἑστίας
917 1424 1056 1510 λέγεται.
1101 1425 1121 1509 6
1152 1425 1189 1490 δε

173 1535 347 1619 Δημήτηρ,
371 1526 415 1597 δι’
441 1491 484 1616 66
463 1530 581 1615 καη
601 1531 643 1598 6
642 1532 756 1616 Ίασος,
778 1532 843 1598 θεοί
862 1533 931 1598 ἐστι
949 1541 1008 1616 τῆς
1025 1536 1190 1620 γεωργίας

172 1638 227 1706 καὶ
249 1650 317 1705 τῶν
340 1649 476 1726 καρπῶν
500 1638 656 1705 ἁπάντων
675 1648 733 1723 τῆς
751 1647 812 1724 γῆς
829 1638 884 1704 καὶ
903 1639 1028 1724 ταύτην
1046 1651 1189 1724 τιμῶσιν

172 1747 208 1812 oc
227 1745 370 1831 γεωργοὶ
392 1744 447 1812 καὶ
471 1745 506 1811 οί
525 1744 589 1811 ἀπὸ
613 1754 670 1830 τῆς
697 1753 758 1829 γῆς
781 1747 982 1831 βουλόμενοι
1001 1743 1189 1830 τρέφεσθαι

170 1851 225 1918 καὶ
248 1858 413 1918 πλουτεῖν.
460 1851 522 1917 ἀπὸ
545 1860 606 1917 τοῦ
624 1853 709 1928 Διὸς
727 1861 813 1935 γοῦν
831 1850 887 1918 καὶ
905 1852 969 1916 ἀπὸ
988 1863 1058 1918 τῶν
1075 1853 1188 1918 ἄλλων

171 1965 263 2025 θεῶν
273 1953 321 2025 ὧν
336 1964 471 2043 είπομεν
484 1956 735 2045 ἀῤῥενικῶνκαὶ
748 1963 896 2041 θηλειῶν
911 1955 1043 2042 ἐγένετο
1057 1963 1188 2042 πλῆθος

170 2071 262 2130 θεῶν
276 2061 330 2129 καὶ
340 2061 503 2149 ἡμιθέων,
517 2059 565 2130 ὧν
579 2063 736 2130 ἁπάντων
746 2063 814 2130 ἐστὶ
824 2068 930 2150 μητηρ
941 2062 996 2130 καὶ
1005 2067 1187 2149 προμητωρ

170 2169 191 2254 6
211 2168 280 2235 Ῥέα
302 2170 323 2254 6
346 2173 433 2253 γυνη
452 2178 513 2236 τοῦ
531 2174 679 2257 Κρόνου,
704 2172 813 2254 ὥσπερ
832 2168 901 2236 ἐστὶ
919 2169 1014 2255 ἡμῶν
1038 2181 1106 2235 τῶν
1128 2169 1185 2234 ἆν-

172 2276 321 2360 θρώπῶν
339 2276 360 2359 6
375 2276 459 2342 Εύα.
494 2278 616 2361 ταύτης
641 2273 704 2343 οὖν
717 2288 775 2363 τῆς
791 2273 881 2354 Ῥέας
895 2287 953 2362 τῆς
971 2278 1096 2362 μητρὸς
1117 2287 1186 2341 τῶν

117 2399 152 2448 20
171 2389 263 2448 θεῶν
282 2385 410 2448 ἔκτισεν
424 2383 507 2449 ναὸν
528 2382 553 2448 6.
567 2381 688 2461 Ἰδαῖος
710 2387 758 2461 είς
775 2385 815 2448 τὰ
834 2385 895 2468 ὄρη
915 2384 955 2448 τὰ
969 2381 1075 2448 Ἰδαία
1094 2385 1140 2460 είς
1165 2381 1186 2446 6

169 2486 371 2577 κατῴκησεν,
394 2486 449 2554 καὶ
471 2487 648 2573 κατέστησε
669 2488 724 2555 καὶ
747 2488 970 2575 ἐνομοθέτησε
987 2492 1112 2566 θυσίας
1129 2486 1187 2553 καὶ

170 2593 286 2680 ἑορτὰς
308 2594 363 2662 καὶ
381 2597 476 2681 τιμὰς
493 2605 551 2680 τῆς
569 2603 651 2673 θεᾶς
669 2597 798 2680 ταύτης,
823 2597 946 2673 αἵτινες
964 2596 1079 2672 καθὼς
1097 2593 1186 2679 λέγει

170 2701 187 2768 6
212 2703 376 2787 ίστορικὸς
406 2697 503 2780 οὗτος
531 2701 685 2787 διέμενον
708 2701 763 2768 καὶ
787 2701 938 2786 ἐγίνοντο
965 2700 1020 2768 καλ
1044 2700 1106 2779 ἕως
1127 2710 1187 2784 τῆς

168 2805 291 2893 ἡμέρας
321 2807 425 2873 αὐτοῦ
456 2808 570 2884 καθὼς
603 2807 826 2893 ἐνομοθέτησε
854 2809 975 2885 ταύτας
1007 2807 1025 2873 6
1054 2805 1185 2884 Ἰδαῖος.

170 2912 225 2978 καὶ
250 2912 267 2978 6
290 2909 353 2997 μὲν
371 2911 493 2990 Ἰδαῖος
520 2913 626 2992 οὕτως
653 2914 786 3000 ἐποίησε
808 2912 917 2980 καὶί
886 2915 933 2990 είς
959 2915 1038 2990 τοὺς
1061 2917 1186 2991 τόπους

117 3011 193 3068 3³2⁶
163 3014 264 3077 ΜΘΝ*
238 3015 309 3058 οῧαΔ
294 3029 333 3099 (Γ
355 3019 496 3097 τούτους
512 3018 688 3109 κατοίκησε
716 3019 791 3088 666
809 3022 914 3105 πατὴρ
934 3021 1036 3085 αὐτοῦ
1056 3020 1074 3086 6
1093 3021 1185 3106 Δάρ-

24 3213 28 3217 .
115 3083 206 3211 δέέσυί
193 3096 243 3130 own
222 3099 272 3208 6²2
273 3082 331 3200 466
354 3128 457 3205 θυνος
482 3124 672 3216 κατῴκησεν
696 3126 793 3205 ἐντὸς
818 3137 879 3193 τοῦ
906 3135 1026 3192 στενοῦ
1054 3129 1102 3203 είς
1072 3126 1187 3192 ίτὸν

119 3226 227 3285 mim
229 3240 281 3272 νῦν*
292 3226 506 3318 102666666
533 3237 675 3318 πλησίον
701 3243 758 3318 της
781 3244 840 3318 γῆς
862 3241 919 3316 τῆς
943 3232 1085 3318 ὕστερον
1109 3233 1186 3298 ὀνο-

115 3297 222 3344 λκιτσκ
223 3297 331 3344 αὸλινὶπ

159 3370 183 3415 Δ
184 3369 229 3434 ιρι
229 3386 291 3415 τττττ
354 3344 539 3424 μασθείσης
566 3340 721 3426 Τρωάδος
743 3339 798 3406 καὶ
823 3343 927 3405 ἔκτισε
954 3342 1053 3405 πόλιν
1077 3337 1114 3404 ἐν
1137 3347 1186 3427 τῷ

162 3605 167 3614 .
206 3571 240 3620 23
259 3562 402 3634 διέμειναν
420 3566 453 3621 V.
527 3574 569 3623 28.
589 3575 623 3622 29
643 3567 857 3638 ὀνομασθούσης
876 3567 909 3623 V.
