2546 4042
565 204 782 268 ,40-

169 363 221 427 ὅτι
249 361 267 427 ὁ
296 363 413 438 στόλος
439 356 539 438 οὗτος
565 360 584 427 ὁ
613 361 790 447 ὐρκαδικὸς
821 358 929 446 ἦλθεν
958 365 1006 440 είς
1033 366 1075 428 τὰ
1102 337 1182 450 μέρη

168 479 227 554 τῆς
255 465 388 556 Θρᾴκης
418 469 508 554 παρὰ
539 469 600 552 τὴν
627 468 808 553 Εὐρώπην·
841 465 931 534 τοῦτ’
962 472 1054 535 ἔστιν
1083 467 1182 536 οὐδὲν

169 574 377 658 ἐπελᾴμώσεν
400 575 466 660 ὐμη
489 575 545 640 διὰ
565 584 626 640 τοῦ
649 577 802 658 αἰγιαλοῦ
820 584 878 659 τῆς
895 576 1062 660 Εὐρώπης
1079 579 1182 660 ἥνονν

169 690 227 765 τῆς
250 682 377 759 δύσεως
406 719 444 729 -
473 679 530 746 καὶ
555 681 620 766 γὰρ
647 678 702 746 καὶ
729 680 750 764 ἡ
776 683 1016 766 Πελοπὸνησος
1038 683 1182 768 Εὐρώπη

170 788 261 853 ἐστίν
290 826 329 838 -
359 783 466 871 ἦλθεν
493 789 540 864 είς
566 789 606 852 τὰ
633 790 715 873 με’ρη
748 797 805 872 τῆς
838 785 977 874 Θρᾴκης.
1023 786 1081 854 καὶ
1112 786 1184 872 περὶ

170 892 232 979 μὲν
259 903 318 978 τῆς
344 895 508 980 Εὐρώπης
534 896 585 970 τίς
612 893 703 958 ἐστιν
725 900 863 979 είπομεν
890 894 1003 971 οὕτως.
1049 892 1125 979 περὶ
1148 891 1184 959 δὲ

170 1009 228 1084 τῆς
256 999 388 1087 Θρᾴκης
414 1003 463 1078 τίς
492 999 582 1065 ἐστιν
609 999 789 1084 ὀφείλομεν
817 1002 931 1066 εἰπεῖν.
978 1002 1033 1066 δεῖ
1052 997 1116 1068 οὐν
1137 1026 1185 1084 μι-

170 1106 329 1190 νώσκειν,
362 1107 412 1172 ὅτι
445 1107 555 1191 ὥσπερ
587 1105 748 1193 ἐμερίσθη
775 1107 796 1191 ἡ
824 1116 866 1192 μη
893 1109 983 1193 παρὰ
1010 1119 1079 1174 τών
1106 1131 1186 1192 χεα-

171 1213 313 1298 μρώφων
336 1215 384 1290 είς
402 1209 527 1296 Ἀσίαν,
550 1212 718 1298 Εὐρώπην
745 1210 800 1278 καὶ
824 1215 973 1298 Λιβύην,
1003 1214 1111 1291 οὕτως
1133 1211 1187 1279 καὶ

120 1337 153 1387 10
172 1323 231 1403 μία
254 1317 372 1403 ἑκάστη
397 1319 433 1384 ἐκ
454 1319 583 1384 τούτων
606 1330 673 1383 τῶν
695 1328 823 1405 μοιρῶν
850 1323 1014 1405 μερίζεται
1042 1322 1090 1397 είς
1113 1320 1188 1385 δνο-

173 1427 293 1510 μασίας
313 1426 407 1502 τινδς
429 1425 566 1502 ἅστινας
587 1430 755 1510 καλοῦμεν
777 1425 871 1510 ἡμεῖς
894 1425 1066 1511 ἐπαρχίας,
1095 1427 1131 1492 οί
1151 1423 1188 1490 δὲ

172 1536 313 1596 Λατῖνοι
341 1533 560 1615 προβίντζιας.
606 1534 672 1615 ἔχει
700 1539 786 1614 χοῦν
812 1529 867 1596 καὶ
895 1531 916 1615 ἡ
942 1529 1036 1597 Ἀσία
1066 1533 1191 1610 πολλὰς

173 1637 330 1723 ἐπαρχίας
351 1634 407 1703 καί
429 1636 449 1720 ἡ
473 1637 620 1722 Εὐρώπη
644 1635 768 1721 ὁμοίως
785 1634 840 1702 καὶ
861 1637 882 1721 ἡ
900 1639 1012 1722 Λιβύη
1032 1638 1190 1714 ὡσαύτως

175 1747 234 1808 καί
253 1767 346 1820 τινας
368 1741 430 1828 μέν
442 1744 593 1827 παλαιάς,
613 1743 705 1821 τινὰς
724 1740 761 1808 δὲ
780 1741 866 1819 νέας.
901 1744 939 1808 αί
953 1746 1017 1830 μὰρ
1037 1743 1191 1829 ἐπαρχίαι
1263 1765 1264 1774 ’

174 1846 313 1916 τάὐτὸν
332 1846 359 1915 δ’
377 1852 482 1915 εἰπεῖν
501 1851 538 1916 αί
553 1853 760 1936 προβίντζιαι
773 1851 880 1927 ἄλλως
900 1850 1111 1935 ὠνομάζοντο
1124 1850 1190 1915 ὑπὸ

173 1967 241 2021 τῶν
273 1961 423 2022 παλαιῶν
451 1954 506 2022 καὶ
536 1958 643 2032 ἄλλως
669 1956 735 2022 ὑπὸ
766 1967 834 2022 τών
863 1955 1043 2040 νεωτέρων.
1089 1957 1191 2022 πάλιν

174 2066 233 2148 μία
261 2062 384 2147 μεμώλη
412 2061 550 2148 ἐπαρχία
578 2065 643 2148 ἔχει
670 2061 773 2147 μέσον
805 2064 907 2148 αὐτῆς
935 2061 990 2128 καὶ
1022 2065 1104 2148 μίαν
1136 2062 1192 2128 καὶ

174 2170 238 2235 δύο
262 2169 419 2254 ἐπαρχίας
441 2169 570 2256 μικράς,
594 2170 703 2252 ὥσπερ
726 2168 747 2252 ἡ
770 2171 967 2235 Μακεδονία
989 2170 1051 2254 τὴν
1072 2174 1192 2235 Θεττα-
1265 2195 1266 2246 3

123 2293 156 2342 19
176 2278 252 2341 λίαν
274 2272 329 2340 καὶ
352 2274 374 2358 ἡ
398 2272 511 2362 Θρᾴκη
539 2276 602 2359 τὴν
624 2275 842 2341 Μακεδονίαν
864 2274 921 2341 καὶ
947 2277 1045 2341 ἄλλαι
1070 2275 1194 2342 πολλαὶ

135 2412 187 2470 μα’.
210 2413 262 2474 περ
284 2416 324 2471 τῆς
360 2383 461 2459 ἄλλας
483 2381 614 2458 πολλάς.
661 2378 775 2468 Θρᾴκη
803 2376 866 2447 οὐν
893 2379 1021 2465 λέγεται
1049 2382 1194 2460 ὁτόττος

125 2484 336 2548 Θρᾴκῦύςέσω·
361 2489 437 2566 ὅλος
473 2488 588 2554 ὅντινα
624 2488 683 2554 ίδιν
718 2491 846 2573 θελήσῃ
883 2513 932 2565 τις
968 2489 1025 2553 ἵνα
1062 2487 1193 2574 διέλθῃ,

178 2596 325 2677 ἐξελθὼν
349 2594 413 2661 ὐπὸ
436 2604 498 2660 τοῦ
520 2593 635 2661 Νέσον
658 2603 809 2680 ποταμοῦ
832 2594 947 2660 ὅντινα
974 2601 1137 2661 καλοῦσιν
1161 2597 1198 2660 οί

178 2705 307 2769 ἰδιῶται
334 2700 471 2768 Μέστον
499 2700 554 2767 καὶ
582 2700 712 2786 ἀπέλθῃ
745 2703 792 2778 είς
821 2702 882 2785 την
913 2703 1195 2784 Φιλιππούπολιν,

178 2805 248 2874 εἶτα
271 2809 334 2874 ἀπὸ
358 2818 415 2893 τῆς
441 2808 736 2885 Φιλιππονπόλεως
758 2806 813 2872 καὶ
836 2809 971 2873 ἄνωθεν
993 2808 1113 2894 διέλθῃ
1133 2810 1197 2874 τὸν

176 2918 281 2980 τόπον
304 2915 385 2980 ὅλον
408 2915 536 2980 ἐκεῖνον
559 2911 614 2978 καὶ
636 2917 824 3000 καταντήσῃ
848 2916 895 2991 είς
917 2915 954 2979 τὸ
984 2914 1196 3002 ἀκρωτήριον

177 3031 238 3087 τοῦ
271 3021 412 3085 δνσικοῦ
439 3023 599 3105 στόματος
625 3027 686 3085 τοῦ
714 3029 834 3085 στενοῦ
861 3029 922 3085 τοῦ
952 3022 1022 3086 ίίνω
1051 3022 1132 3107 ὅπερ
1162 3023 1200 3086 οί

177 3126 287 3193 κοινοὶ
310 3125 467 3211 λέγουσιν
493 3127 607 3213 Φώρον
619 3125 685 3196 ,καὶ
702 3126 803 3192 πάλιν
822 3125 875 3192 ὐπ’
899 3125 1029 3192 ἐκείνου
1047 3127 1195 3213 κατέλθῃ

178 3238 216 3326 τὸ
245 3235 384 3300 δνσικὸν
412 3234 530 3299 στενὸν
558 3233 639 3300 ὅλον
666 3229 722 3297 καὶ
745 3236 930 3318 καταντήσῃ
955 3235 1001 3310 είς
1028 3235 1066 3299 τὸ
1091 3233 1196 3320 ἀκρω-

178 3343 297 3424 τήριον
314 3348 375 3405 τοῦ
391 3343 551 3424 στόματος
568 3348 629 3405 τοῦ
648 3341 789 3424 δνσικοῦ
807 3340 869 3422 τὴν
884 3343 1019 3423 Σηστόν
1040 3377 1079 3388 -
1099 3344 1199 3418 πόλις

254 3571 287 3620 16
305 3566 371 3634 post
388 3564 475 3628 ἄλλως
493 3564 594 3620 iterum
614 3563 784 3633 ὀνομώζοντο
803 3565 836 3622 V.
