2558 4036
547 207 763 274 ..52-

148 370 273 452 ὀλίχον.
309 367 466 452 ἐκράτησε
489 376 574 450 γοῦν
596 364 651 431 καί
675 366 845 451 ἐκυρίευσε
869 374 926 450 τῆς
943 365 1054 450 χώρας
1077 365 1164 449 ὅσην

147 476 307 559 ηπυδηθη
330 471 385 539 καὶ
409 475 526 558 ἐλαβεν
550 473 613 539 ἀπὸ
632 473 764 558 πρώτης
782 475 978 558 προσβολῆς.
1010 469 1065 536 καί
1083 473 1166 556 μετὰ

147 589 250 646 ταῦτα
273 575 339 666 εἶχε
357 578 523 664 πολέμους
545 577 624 645 καθ’
652 577 791 664 ἑκάστην
815 579 980 664 μετὰτῶν
1000 578 1166 643 ἐντοπίων

148 687 328 773 βαρβάρων
359 685 414 752 καὶ
446 697 513 752 τῶν
545 687 655 751 ἄλλων
687 685 800 750 ἐθνῶν
827 694 895 750 τών
926 686 1077 769 πλησίων
1107 693 1167 768 τῆς

148 795 257 878 χώρας
285 792 403 873 αὐτοῦ,
437 798 501 858 είτε
529 793 585 857 διὰ
611 793 649 857 τὸ
676 795 791 876 λαβεῖν
818 788 873 856 καὶ
903 791 964 874 τὴν
991 789 1167 857 ἐπίλοιπον
1264 861 1265 880 ρ

149 901 262 985 χώραν
289 909 357 964 τῶν
383 899 562 983 βαρβάρων
591 904 654 964 είτε
684 899 739 963 διὰ
766 899 802 963 τὸ
832 898 990 963 ἵστασθαι
1022 899 1167 982 ἰσχυρῶς

149 1002 205 1071 καὶ
229 1005 272 1089 μὴ
296 1005 498 1070 σαλεύεσθαι
522 1004 586 1070 άπὸ
609 1013 666 1088 τῆς
688 1005 797 1090 χώρας
818 1004 862 1088 ἣν
883 1005 988 1087 ἔλαβε.
1034 1004 1080 1082 ὡς
1102 999 1167 1070 οὖν
1265 1057 1266 1060 ¹

151 1107 241 1178 εἶδεν
264 1111 282 1177 δ
311 1114 455 1236 Τεῦκρος
478 1105 576 1189 οὗτος
598 1112 658 1176 τὸν
675 1112 858 1196 Δάρδανον
881 1109 936 1176 καὶ
954 1114 1033 1188 τοὺς
1049 1109 1168 1195 “-Ελλη

151 1241 212 1293 νας
238 1220 317 1294 τοὺς
348 1211 417 1302 μετ’
453 1217 557 1283 αὐτοῦ
590 1218 640 1284 ὅτι
673 1217 837 1303 ἐπέρασαν
869 1217 932 1283 άπὸ
965 1227 1023 1301 τῆς
1054 1222 1169 1303 Σαμο-

100 1342 133 1390 10
150 1320 281 1454 θράκης
312 1321 368 1389 καὶ
399 1326 553 1408 ηλθοσαν
585 1325 632 1402 είς
658 1325 698 1389 τὰ
725 1322 808 1408 μέρη
837 1324 946 1389 ἐκεῖνα
974 1332 1032 1407 τῆς
1059 1325 1170 1409 χώρας

153 1428 271 1512 αὐτου,
300 1429 399 1514 ἐχάρη
427 1431 561 1515 σφόδρα
588 1429 644 1496 καὶ
672 1429 803 1510 ἐδέξατο
837 1430 959 1508 αὐτοὺς
967 1429 1115 1496 άσπασί
1100 1433 1170 1513 ίως,

153 1537 191 1600 τὸ
215 1531 276 1620 μὲν
300 1536 344 1613 ὡς
358 1533 522 1620 Ἕλληνας
544 1534 599 1602 καὶ
622 1537 686 1602 άπὸ
709 1546 770 1603 τοῦ
788 1535 908 1620 γένους
931 1537 1047 1622 αὐτοῦ,
1069 1538 1108 1603 τὸ
1130 1533 1171 1602 δὲ

153 1643 209 1706 ἵνα
232 1644 289 1728 ἔχη
309 1642 430 1720 αὐτοὺς
453 1644 604 1728 βοηθοὺς
625 1641 681 1708 καὶ
704 1645 898 1729 συμμάχους
920 1646 968 1720 είς
989 1644 1050 1708 τὸν
1072 1646 1171 1708 πόλε-

153 1772 217 1832 μον
240 1748 280 1814 ὃν
301 1743 367 1835 εἶχε
385 1748 462 1815 καθ’
486 1749 627 1834 έκάστην
645 1747 772 1836 ἡμέραν
791 1752 958 1835 μετὰτῶν
976 1750 1171 1835 βαρβάρων,

152 1856 190 1920 τὸ
214 1851 251 1920 δὲ
273 1858 398 1940 τρίτον,
422 1857 477 1923 ἵνα
501 1859 636 1942 οίκισθῇ
659 1857 680 1941 ἡ
703 1857 794 1942 χώρα
818 1856 931 1922 αὐτοῦ.
975 1856 1173 1940 ἡπερισσο-

152 1957 231 2045 τέρα
258 1962 322 2046 γάρ
350 1961 496 2047 ὑπῆρχεν
524 1965 645 2048 ἔρημος
673 1964 729 2029 διὰ
758 1963 932 2046 ὀλιγότητα
963 1960 1019 2027 καὶ
1047 1963 1172 2028 σπάνιν

153 2065 352 2151 ἀνθρώπων.
389 2068 444 2132 διὰ
462 2070 519 2146 τὰς
542 2070 648 2145 αίτίας
670 2078 756 2152 γοῦν
778 2070 900 2146 ταύτας
923 2067 1056 2147 ἐδέξατο
1080 2091 1172 2154 περι-

152 2182 262 2256 χαρώς
293 2173 353 2238 τὸν
381 2174 565 2259 Δάρδανον
591 2172 647 2240 καὶ
678 2177 757 2252 τοὺς
775 2173 940 2258 Ἕλληνας
971 2174 990 2240 δ
1026 2178 1173 2261 Τεῦκρος

153 2275 208 2343 καὶ
239 2278 342 2343 ἐδωκε
368 2280 451 2360 πρὸς
480 2279 601 2357 αὐτοὺς
628 2282 690 2365 τὴν
712 2282 841 2367 χώραν,
870 2282 926 2346 ἵνα
948 2284 1172 2366 κατοικησωσι

101 2401 134 2450 20
153 2381 209 2448 καὶ
241 2386 377 2449 κτίσωσι
408 2383 464 2450 καὶ
496 2389 608 2464 πόλεις
639 2388 753 2466 καθὼς
779 2386 834 2453 καὶ
863 2390 990 2452 ἔκτισεν
1017 2387 1062 2464 ώς
1091 2409 1174 2473 προ-

154 2492 289 2573 είπομεν
313 2490 331 2556 ὁ
354 2492 535 2578 Δάρδανος
557 2495 618 2578 τὴν
641 2497 741 2560 πόλιν
768 2495 887 2578 ἥντινα
915 2491 971 2558 καὶ
995 2492 1172 2577 ὠνόμασεν

99 2611 181 2667 ξιῖα
155 2608 190 2656 ὅτι
208 2609 300 2655 nadal
282 2598 519 2684 αἀΔάρδανον
542 2601 579 2665 τὸ
603 2601 710 2685 ὄνομα
733 2600 846 2666 αὐτοῦ.
894 2596 949 2664 καὶ
976 2608 1080 2665 ταῦτα
1108 2596 1171 2685 μέν

100 2751 138 2796 καὶ
113 2682 273 2797 ωὗάΔαωα
216 2680 301 2744 ⁹⁶⁰⁹⁰¹²
236 2751 313 2799 ΜΗ
288 2698 424 2789 υλέχει
457 2706 475 2772 δ
507 2706 691 2783 Διονύσιος
721 2704 776 2771 καί
810 2708 972 2790 διηγεῖται
1003 2703 1079 2792 περὶ
1113 2715 1174 2790 τῆς

124 2837 180 2884 αααα
195 2821 295 2885 ἣααρα
333 2809 562 2898 Σαμοθρηίκης
590 2814 636 2888 είς
663 2811 832 2891 ἀπόδειξιν
859 2812 972 2889 καθὼς
999 2822 1175 2896 προειπον,

100 2894 299 3008 ⁰9⁷⁹
230 2893 315 2939 '⁰²⁹²
291 2917 391 2980 ,δτι
413 2915 468 2982 καὶ
491 2927 558 2982 τών
585 2919 708 3002 Τρώων
731 2919 768 2982 τὸ
791 2916 889 3003 γένος
908 2918 1055 3003 ὑπηρχεν
1079 2917 1176 3002 έλλη-

99 3031 152 3086 τοὺς
173 3035 305 3096 Τρῶαεκα
274 3033 314 3078 καὶ
336 3025 443 3104 νικόν,
462 3024 498 3088 τὸ
519 3019 580 3106 μὲν
595 3022 659 3088 άπὸ
678 3026 737 3088 τοὺ
761 3025 910 3110 Τεύκρου
924 3032 984 3090 τοῦ
998 3022 1174 3108 βασιλέως,

100 3102 316 3234 wfffflffg'm‘ff'
341 3127 431 3204 ὅστις
449 3127 595 3213 ὑπηρχεν
616 3123 794 3212 Ἀθηναῖος
814 3128 869 3196 καὶ
891 3126 977 3214 ἦλθε
994 3127 1049 3195 καὶ
1068 3127 1174 3218 κατώ-

191 3239 242 3291 ’ναι
338 3250 440 3318 κησεν
473 3236 519 3311 είς
552 3236 593 3299 τά
624 3234 706 3320 μέρη
739 3245 841 3302 ταῦτα
874 3238 954 3321 μετά
989 3244 1050 3301 τοῦ
1086 3241 1173 3302 λαοῦ

156 3340 276 3424 αὐτοῦ,
308 3341 345 3406 τὸ
369 3337 406 3406 δὲ
433 3340 497 3406 άπὸ
525 3351 586 3407 τοῦ
613 3341 797 3427 Δαρδάνου
828 3341 883 3408 καὶ
910 3353 976 3408 τών
1001 3339 1173 3425 Ἑλλήνων

228 3566 279 3637 ξη’.
298 3564 457 3637 οίκισθησα.
495 3565 630 3636 ἀπάγωνα
649 3568 729 3624 codd.
