2546 4042
589 229 806 294 -38-

188 395 246 472 τῆς
272 385 447 470 Ἀρκαδίας
481 384 670 474 παρέλαβον
705 388 767 471 τὴν
810 389 983 471 βασιλείαν
1019 389 1128 455 αὐτοῦ
1166 390 1210 468 ώς

190 495 353 579 πατρικὴν
384 492 440 559 καὶ
467 495 607 578 γονικῆν
633 490 690 558 καὶ
717 492 914 577 ἐβασίλευον
941 496 989 572 είς
1010 497 1075 579 τὴν
1052 492 1210 581 νἈρκα·

148 648 240 706 ,Μ
221 649 327 765 Ἢ
327 602 461 666 ..δίαν
498 603 580 686 μετά
595 609 698 666 ταῦτα
717 598 847 684 ἐγένετο
865 599 1096 685 κατακλυσμὸς
1109 599 1210 686 μέγας

147 719 250 778 μγάουλ
373 708 504 790 είςτὴν
523 704 701 792 Ἀρκαδίαν
723 703 778 771 καὶ
799 707 839 771 τά
857 707 955 772 πεδία
973 707 1083 771 πάντα
1102 708 1209 790 ἤγουν

136 794 284 920 ,ᾸΪΜ
191 807 252 848 σω
276 791 338 907 ³⁰²²?
338 813 547 906 οίκάμποι
570 811 684 878 ὅλοι’
666 812 730 877 απὸ
752 821 810 896 τῆς
831 817 1026 897 πλησμονῆς
1043 821 1107 877 τοῦ
1130 813 1209 878 υδα-

136 931 261 1056 ’Λρζζα
191 863 282 1065 motui?
314 880 431 996 ώτος
462 917 617 1003 ἐγένοντο
646 920 756 1004 ὥσπερ
786 921 886 1004 λίμνη
914 921 981 1003 μία.
1028 919 1064 984 οί
1092 916 1175 985 δὲ”
1154 945 1209 986 αν·

135 1017 186 1119 ,Μ’
188 1021 232 1118 ’3⁰
201 1020 338 1136 ,ΛΟΜ
283 1073 351 1125 ,ὡς
299 949 505 1112 κεῖ’θρωποι
541 1027 599 1091 διά
633 1026 693 1090 τὸν
730 1026 840 1109 φόβον
876 1031 938 1090 τοῦ
974 1031 1208 1112 κατακλυσμοῦ

135 1143 223 1190 διττὰ
184 1144 287 1208 σιέευσιρ
289 1148 350 1203 νοις
372 1129 540 1217 ἀνέβησαν
563 1133 612 1209 είς
632 1131 673 1196 τά
696 1130 808 1216 ὑψηλά
831 1133 893 1217 δρη
921 1129 977 1196 καὶ
1000 1129 1208 1212 ἐκαθέζοντο.

195 1218 287 1277 ‘'⁰⁹5'‘
372 1241 593 1324 παρήλθοσαν
606 1247 692 1322 γοῦν
704 1236 817 1322 καιροὶ
830 1235 950 1303 πολλοὶ
967 1235 1024 1304 καὶ
1038 1239 1129 1303 οῖ’
1086 1261 1207 1324 καμποι
1266 1297 1267 1318 ,

138 1361 170 1410 10
189 1339 276 1427 ἦσαν
305 1343 402 1431 ἀργοὶ
429 1343 485 1410 καὶ
512 1347 671 1431 ἄχρηστοι
698 1345 746 1422 είς
767 1346 929 1429 γεωργίας
957 1344 1014 1409 διὰ
1039 1345 1103 1429 τὴν
1129 1351 1209 1430 πλη-

190 1451 320 1534 σμονὴν
346 1459 407 1516 τοῦ
435 1451 572 1534 ὕδατος,
600 1451 637 1515 οί
661 1445 698 1516 δὲ
720 1451 896 1534 άνδρωποι
920 1449 1207 1538 έστενοχωροῦντο

189 1556 255 1622 ὑπὸ
287 1565 344 1642 τῆς
375 1566 503 1643 τροφῆς
533 1559 719 1641 καθήμενοι
756 1558 804 1633 είς
836 1557 878 1621 τά
914 1558 986 1643 ὄρη.
1040 1569 1111 1623 τῶν
1146 1560 1207 1642 γὰρ

190 1666 326 1746 βουνών
344 1663 365 1747 ἡ
384 1663 495 1748 ὑψηλὴ
515 1673 557 1748 γῆ
577 1663 672 1747 ὀλίγη
691 1661 818 1749 ὑπῆρχε
835 1660 891 1728 καί
909 1661 1019 1747 ἐκείνη
1038 1665 1208 1749 πετρώδης

187 1767 242 1834 καὶ
271 1770 490 1857 ὀλιγόκαρπος
517 1769 572 1835 καὶ
601 1770 664 1835 οὐκ
689 1769 836 1854 ἠδύνατο
863 1767 1000 1856 τρέφειν
1027 1771 1209 1848 τοσούτους

191 1876 402 1962 ἀνθρώπους.
449 1878 505 1942 διὰ
531 1886 617 1960 γοῦν
645 1876 707 1960 τὴν
735 1874 884 1959 ἀνάγκην
911 1876 1037 1960 ταύτην
1069 1874 1126 1941 καὶ
1155 1877 1209 1942 ἵνα

188 1983 233 2067 μὴ
255 1983 376 2061 πάντες
398 1981 485 2067 ὁμοῦ
511 1982 730 2048 ἀποθάνωσιν
754 1981 819 2046 ὑπὸ
843 1989 904 2047 τοῦ
926 1987 1038 2066 λιμοῦ,
1063 1987 1208 2068 συμβου-

190 2089 345 2155 λεύονται
364 2082 433 2173 μετ’
455 2086 611 2172 ἀλλήλων
628 2085 684 2153 καὶ
701 2097 858 2153 ποιοῦσιν
872 2086 1010 2165 ἑαυτοὺς
1024 2090 1073 2165 είς
1091 2091 1208 2174 μοίρας

191 2195 262 2260 δύο.
312 2191 368 2259 καὶ
398 2194 419 2278 ἡ
454 2190 516 2280 μὲν
547 2197 606 2279 μία
636 2205 738 2279 μοῖρα
773 2191 933 2279 ὑπομένει
969 2193 1039 2260 ἐκεῖ
1069 2197 1118 2273 είς
1148 2198 1209 2280 τὴν
1265 2201 1266 2208 ’

187 2300 365 2386 Ἀρκαδιάν
388 2299 442 2368 καὶ
467 2304 609 2385 ἔστησαν
631 2299 768 2385 βασιλέα
793 2299 920 2366 ἑαυτῶν
942 2299 998 2366 καὶ
1020 2311 1079 2387 τῆς
1097 2298 1209 2388 Ἀρκα-

138 2426 173 2475 20
194 2408 267 2485 δίας
289 2409 349 2474 τὸν
372 2407 431 2473 ἕνα
459 2409 537 2474 υίὸν
564 2416 625 2474 τοῦ
648 2408 833 2493 Δαρδάνου
860 2409 920 2473 τὸν
943 2410 1126 2492 Δείμαντα,
1148 2411 1210 2493 τὴν

192 2512 229 2580 δὲ
261 2516 365 2599 άλλην
397 2525 519 2602 μοῖραν
545 2524 607 2580 τοῦ
634 2520 718 2580 λαοῦ
749 2511 805 2579 καὶ
836 2515 897 2580 τὸν
928 2514 1078 2600 ἀδελφὸν
1106 2515 1210 2582 αὐτοῦ

188 2623 250 2686 τὸν
268 2618 385 2689 Ἴασον
411 2620 467 2687 καὶ
495 2623 555 2688 τὸν
580 2622 658 2687 υίὸν
686 2621 791 2687 αὐτοῦ
817 2621 878 2686 τὸν
896 2615 1020 2686 Ἰδαῖον
1048 2623 1209 2707 λαμβάνει

188 2728 206 2793 δ
239 2729 417 2812 Δάρδανος
447 2726 503 2794 καὶ
535 2738 627 2793 ποιεί
656 2730 778 2792 στόλον
811 2727 928 2792 ίκανὸν
959 2725 1014 2793 καὶ
1045 2726 1210 2813 ἐξέρχεται

189 2835 255 2900 άπὸ
278 2845 335 2919 τῆς
355 2829 529 2921 Ἀρκαδίας
551 2833 606 2900 καὶ
628 2833 807 2920 παραπλέει
828 2834 890 2917 τὴν
908 2833 1080 2919 Εὐρώπην
1103 2836 1210 2918 ἤγουν

190 2941 352 3025 λαμβάνει
378 2943 438 3007 τὸν
460 2942 612 3025 αἰγιαλὸν
634 2949 692 3024 τῆς
715 2940 841 3017 δύσεως
868 2938 924 3006 καὶ
947 2943 1076 3027 ἔρχεται
1100 2944 1147 3020 είς
1171 2943 1209 3007 τά

189 3045 272 3134 μέρη
301 3056 358 3131 της
386 3044 517 3134 Θράκης
548 3050 692 3131 πλησίον
720 3055 781 3112 τοῦ
808 3044 965 3125 Μέλανος
995 3048 1125 3115 κόλπου
1157 3045 1210 3113 καὶ

190 3162 335 3242 καταντᾷ
355 3156 401 3232 είς
421 3155 458 3219 ἓν
477 3157 596 3237 νησίον
614 3162 671 3237 τῆς
690 3149 828 3240 Θρᾴκης.
867 3153 922 3218 ἵνα
946 3150 983 3218 δὲ
1007 3154 1211 3239 δηλώσωμεν

186 3264 236 3338 τίς
265 3261 357 3327 ἐστιν
379 3261 400 3345 ἡ
424 3260 570 3345 Εὐρώπη
598 3258 653 3325 καὶ
675 3263 724 3338 τίς
752 3260 843 3326 ἐστιν
871 3260 892 3344 ἡ
916 3256 1049 3347 Θρηίκη,
1073 3255 1210 3344 ἧστινος
1264 3303 1265 3330 ι

259 3523 311 3594 μζ.
334 3524 407 3579 κατδι
425 3529 547 3594 κλνομοῦ
571 3525 635 3582 Vat.
696 3531 714 3578 4
732 3527 761 3579 et
779 3530 814 3579 24
832 3521 888 3590 ἥως
906 3523 936 3577 in
953 3525 1050 3592 texta,
1069 3522 1160 3593 ἤγουν
1183 3524 1212 3578 in

182 3596 314 3664 margine
332 3595 397 3650 vat.
434 3594 522 3666 ἥγονν
537 3597 568 3650 Τ.
