2558 4036
607 210 823 274 ,62-

207 382 358 457 τρωικῶν
387 381 455 436 τῶν
483 367 720 456 κεκρυμμένων
749 362 840 433 εἶδον
867 364 923 432 καὶ
953 365 1017 450 ἐγὼ
1044 364 1099 431 καὶ
1126 369 1212 432 άλλοι

207 474 324 542 πολλοὶ
356 478 404 555 είς
439 479 518 554 τοὺς
553 477 715 552 παλαιοὺς
748 473 804 541 καὶ
836 473 995 561 ἀρχαίους
1031 476 1135 551 ναοὺς
1164 467 1212 558 τῆς

202 579 334 668 Ῥώμης.
379 581 435 648 καί
458 585 505 660 είς
528 583 627 660 ὅλους
650 579 736 647 είσὶν
759 583 806 658 είς
824 589 932 666 σχήμα
951 581 1013 645 δύο
1037 582 1212 646 νεανίσκων

206 690 313 773 ήγουν
335 701 403 754 τῶν
432 691 605 766 ἰδιωτικῶς
632 685 821 772 λεγομένων
849 689 1055 770 παλικαρίων
1084 685 1211 772 ἐσχημα-

207 794 357 880 τισμένοι
386 797 497 881 ὥσπερ
530 805 735 880 στρατιῶται.
785 791 841 859 καὶ
873 793 955 879 άπερ
993 789 1054 878 μὲν
1091 795 1211 878 είδομεν

154 968 195 1012 πα,
231 981 244 1012 v
270 969 284 1012 ὁ
307 969 367 1012 ww·
390 900 454 968 είσὶ
477 910 592 967 ταῦτα·
615 903 652 967 τὸ
677 898 713 966 δὲ
736 900 879 986 γράφειν
902 896 986 983 ὑπὲρ
1005 900 1116 965 αὐτῶν
1136 901 1211 965 ίστο-

155 985 367 1101 ρικεςοιίαηισιρα.
390 1012 466 1095 ρίαν
495 1007 516 1091 ή
540 1007 675 1073 ἀκούειν
698 1008 801 1072 άλλου
829 1004 987 1090 λέγοντος
1013 1004 1090 1092 περὶ
1113 1007 1211 1072 αὐτῶν

181 1122 221 1160 ²⁰⁶
239 1107 342 1194 376an
392 1111 493 1180 οὐδὲν
530 1114 720 1199 δυνάμεθα,
757 1113 840 1178 άλλδι
872 1112 1052 1196 ὀφείλομεν
1090 1112 1211 1179 ἀκούειν

154 1194 372 1315 2626662'26'66
393 1219 449 1287 καλ
481 1220 623 1307 γράφειν
654 1215 738 1303 ὑπὲρ
769 1230 837 1284 τῶν
873 1225 965 1284 θεῶν
996 1220 1127 1284 τούτων
1156 1231 1212 1284 τῶν

180 1320 342 1450 Σαηηῖηήκιε
390 1337 539 1412 τρωικῶν
554 1327 650 1391 άτινα
668 1326 790 1412 γράφει
805 1325 822 1390 6
838 1327 1087 1409 Καλλίστρατος
1101 1325 1118 1390 6
1138 1326 1212 1390 ίστο-

391 1435 492 1519 ρικύς,
517 1433 607 1509 ὅστις
625 1435 769 1518 ἔγραψεν
793 1433 884 1496 ίδίαν
902 1430 958 1497 καὶ
977 1430 1212 1518 κεχωρισμένην

158 1558 191 1606 12
212 1541 362 1622 ἱστορίαν
382 1538 457 1626 περὶ
476 1548 534 1623 τῆς
552 1541 659 1623 νήσου
678 1548 736 1622 τῆς
754 1535 983 1625 Σαμοθρᾴκης
1000 1541 1116 1623 μόνης,
1139 1540 1212 1604 ἔνθα

210 1647 372 1730 διηγεῖται
403 1644 459 1711 καὶ
491 1642 566 1730 περὶ
597 1656 665 1710 τῶν
696 1651 788 1710 θεῶν
819 1645 956 1710 τούτων.
1008 1644 1072 1710 άπὸ
1104 1647 1213 1726 ταύτης

209 1754 273 1837 γάρ
291 1762 348 1836 τῆς
366 1753 474 1835 νήσου
488 1751 676 1835 έξήλθοσαν
695 1750 750 1816 καὶ
765 1750 919 1836 ἀπῆλθον
937 1752 984 1828 είς
1004 1751 1066 1834 τήν
1086 1751 1213 1838 Τρωάδα

208 1858 264 1924 καὶ
287 1861 333 1936 είς
356 1861 480 1943 ταύτην
507 1860 569 1943 τήν
596 1867 702 1942 νήσου
729 1853 838 1940 ήλθον
866 1857 929 1923 άπὸ
958 1867 1016 1941 τῆς
1039 1855 1212 1944 Ἀρκαδίας.

209 1965 332 2050 ὁμοίως
353 1963 409 2030 καὶ
434 1965 495 2030 ὅσα
519 1963 607 2048 λέγει
630 1964 648 2030 6
671 1964 838 2047 Σάτυρος,
866 1964 956 2040 ὅστις
979 1966 1147 2048 συνήγαγε
1167 1960 1212 2027 καὶ

210 2069 376 2154 συνέθηκε
399 2069 454 2136 καί
478 2073 622 2156 ἔγραψεν
651 2072 698 2148 είς
725 2073 857 2154 βιβλίον
881 2071 917 2136 ἓν
941 2071 1041 2148 ὅλους
1064 2073 1143 2147 τοὺς
1162 2091 1213 2134 πα-

210 2179 326 2254 λαιοὺς
353 2177 485 2261 μύθους
516 2188 584 2242 τῶν
606 2172 777 2261 Ἑλλήνων
807 2177 927 2254 οἵτινες
958 2172 1045 2261 ήσαν
1077 2178 1213 2259 διεσκορ-

209 2281 364 2367 πισμένοι
386 2280 442 2347 καὶ
465 2284 607 2348 άτακτοι.
653 2281 741 2367 λέγει
763 2284 827 2368 γάρ
850 2281 905 2348 καί
928 2281 1055 2359 ἐκεῖνος
1079 2285 1126 2360 είς
1146 2284 1214 2356 τοὺς

157 2408 192 2456 20
210 2389 342 2472 μύθους
374 2387 522 2466 ἐκείνους
556 2386 633 2474 περὶ
666 2399 733 2454 τῶν
769 2395 862 2455 θεῶν
893 2389 1039 2472 τούτων,
1076 2387 1132 2453 καὶ
1161 2387 1214 2451 ὅσα

210 2491 321 2578 εἷπον,
354 2497 448 2562 άλλοι
474 2493 592 2561 πολλοὶ
622 2496 783 2579 ίστορικολ
810 2493 866 2561 καὶ
892 2496 1124 2581 χρονογράφοι
1148 2490 1213 2576 περὶ

210 2603 321 2668 αὐτῶν
337 2601 392 2668 καὶ
412 2603 551 2688 μάλιστα
570 2602 588 2668 ὁ
607 2605 825 2679 παλαιότατος
842 2602 978 2667 πάντων
996 2613 1065 2667 τῶν
1078 2611 1212 2684 ποιητῶν

210 2709 311 2786 ὅσους
342 2711 493 2794 γινώσκω
527 2709 591 2793 ἐγὼ
629 2708 647 2774 6
676 2705 852 2794 Ἀρκτῖνος.
904 2707 1040 2791 λέγουσι
1077 2716 1159 2792 γοῦν
1186 2705 1216 2769 οί

210 2817 305 2880 ἄλλοι
336 2816 424 2899 πλήν
454 2824 515 2880 τοῦ
544 2812 732 2900 Ἀρκτίνου,
764 2815 815 2881 ὅτι
848 2814 865 2881 6
893 2814 1074 2900 Δάρδανος
1108 2813 1125 2880 6
1151 2814 1212 2887 υίὸς

209 2930 270 2986 τοῦ
299 2923 397 3002 Διός,
426 2921 542 2986 ὅντινα
575 2919 753 3004 ἐγέννησεν
786 2919 849 2984 άπὸ
881 2929 939 3003 τῆς
963 2914 1141 3006 Ἠλέκτρας
1165 2927 1213 3000 τής

209 3025 379 3112 θυγατρὸς
408 3036 469 3092 τοῦ
490 3025 671 3104 ’Ἄτλαντος
705 3027 750 3104 ὡς
780 3028 999 3111 προείπομεν,
1033 3029 1132 3110 ἔλαβε
1161 3026 1213 3107 τήν

170 3163 219 3226 ιγ,
241 3165 294 3224 περ
312 3166 357 3208 ιώ.
393 3133 532 3220 Χρύσην
563 3134 625 3217 τήν
658 3130 829 3218 θυγατέρα
860 3140 921 3198 τοῦ
953 3132 1158 3210 Πάλλαντος.
1196 3129 1213 3211 6

170 3238 234 3281 θεῶν
250 3235 290 3280 “⁰¹²
310 3237 356 3322 '⁰31
392 3233 455 3305 οὖν
478 3238 631 3323 θυγάτηρ
650 3248 710 3304 τοῦ
725 3240 809 3315 Διὸς
827 3238 848 3321 6
864 3236 991 3322 Ἀθηνᾶ
1009 3239 1029 3322 6
1050 3242 1213 3311 λατινικῶς

176 3305 307 3351 παλλαδίων
336 3323 351 3350 οι

158 3375 240 3421 mmm
254 3375 370 3434 ηἈρηιᾶ
392 3346 552 3431 λεγομένη
576 3344 732 3432 Μινέρβη
757 3344 947 3431 ἐδωρήσατο
971 3345 1083 3430 ὥσπερ
1104 3341 1214 3431 προῖκά

283 3509 298 3557 5
318 3503 416 3571 ίδομεν
436 3503 515 3557 codd.
590 3507 623 3556 10
642 3504 672 3556 eb
689 3501 747 3556 πά.
766 3503 944 3565 καλλίστατος
958 3503 1039 3557 codd.
1124 3507 1154 3557 16
1173 3496 1215 3552 σά-

211 3591 293 3641 τηρος
311 3573 345 3628 V.
418 3579 451 3628 27
470 3571 611 3635 πάλαντος
629 3573 708 3628 codd.
