2558 4036
589 217 805 282 ,64-

188 387 288 455 νικῦς
315 376 424 463 Μάρς.
469 375 594 466 τούτουι
624 376 689 461 γάρ
720 384 781 441 τοῦ
804 373 931 461 ’Ἀρεως
960 377 1039 452 τοὺς
1071 379 1203 462 βωμούς

190 484 245 550 ἀεί
264 506 343 549 ποτε
367 483 504 550 ἐποίουν
527 483 587 562 ἔξω
611 491 669 567 τῆς
690 484 827 559 πόλεως.
873 479 891 547 ὁ
916 481 980 568 γάρ
1003 483 1085 560 θεὸς
1110 478 1205 560 οὗτός

191 591 281 656 ἐστιν
307 590 389 667 θεὸς
415 599 476 656 τοῦ
502 586 650 674 πολέμου
676 575 932 665 καδκακοποιὸς
959 587 1064 674 άστηρ
1094 588 1130 654 ἐν
1155 598 1203 686 τῷ

189 697 335 784 οὐρανῷ.
385 695 565 780 ἐσήμαινον
597 703 682 781 γοῦν
715 692 771 760 καὶ
808 693 950 778 ἐδηλουν
983 695 1040 759 διά
1076 696 1203 779 τούτου,

190 803 243 869 ὅτι
269 804 331 887 τὴν
358 798 419 888 μὲν
447 805 615 888 φρόνησιν
642 802 714 885 ἥτις
740 809 866 866 νοεῖται
894 800 915 883 η
942 796 1086 885 Ἀθηνᾶ,
1119 801 1204 886 ὀφεί-

193 915 311 976 λουσιν
335 911 422 993 ἐχειν
446 909 481 973 οί
496 909 674 993 άνθρωποι
693 907 786 984 ἐντὸς
803 916 862 991 τῆς
879 909 1006 984 πόλεως
1028 943 1067 955 -
1089 909 1109 992 η
1128 911 1204 994 φρύ

190 1031 288 1097 νησις
305 1014 369 1100 γάρ
388 1014 480 1081 ἐστιν
498 1014 518 1098 η
537 1023 709 1099 κοσμοῦσα
727 1011 782 1078 καί
796 1013 984 1098 ὡραίζουσα
996 1010 1054 1078 καί
1068 1025 1204 1082 ποιοῦσα

192 1121 443 1206 χρησιμωτάτην
465 1118 520 1185 καὶ
543 1121 605 1204 την
628 1123 727 1186 πόλιν
745 1117 801 1185 καὶ
819 1121 880 1204 τὴν
898 1123 1072 1186 πολιτείαν
1094 1122 1205 1186 -τὸν

193 1224 231 1292 δὲ
252 1230 399 1312 πόλεμον
421 1224 477 1292 καὶ
499 1227 557 1304 τὰς
579 1226 693 1312 μάχας,
717 1226 842 1304 αἵτινες
865 1226 1047 1310 δηλοῦνται
1072 1228 1129 1293 διὰ
1149 1237 1204 1293 τοῦ

143 1357 175 1406 10
184 1316 320 1419 Ἄρεως,
344 1336 431 1418 ἐχειν
454 1333 514 1413 ἔξω
538 1341 595 1417 τῆς
621 1335 749 1410 πόλεως
776 1329 832 1397 καὶ
861 1332 922 1397 οὐκ
950 1335 1061 1399 ἔνδον.
1109 1332 1206 1420 ὁγὰρ

192 1442 335 1523 πόλεμος
358 1437 520 1523 συμφέρει
542 1439 627 1525 πρὸς
649 1441 729 1516 τοὺς
751 1436 813 1517 ἔξω
836 1447 894 1522 τῆς
913 1441 1043 1516 πόλεως
1061 1437 1207 1517 καὶτοὺς
1261 1481 1262 1488 1

193 1544 353 1630 ἐχθρούς,
385 1544 478 1622 ἐντὸς
506 1541 543 1609 δὲ
565 1553 623 1628 τῆς
645 1546 772 1622 πόλεως
795 1543 813 1609 ὁ
836 1546 979 1628 πόλεμός
1001 1543 1074 1611 ἐστι
1097 1547 1205 1631 φθορά

196 1649 251 1718 καὶ
274 1651 452 1730 κατάλυσις
474 1649 529 1716 καὶ
547 1649 717 1735 ἀνατροπὴ
742 1649 805 1715 ἀπὸ
823 1653 991 1734 θεμελίων
1010 1651 1122 1735 αὐτῆς.
1156 1650 1206 1717 καὶ

193 1761 229 1824 τί
249 1759 312 1844 γάρ
336 1759 419 1824 άλλο
447 1766 537 1824 ποιεῖ
563 1757 581 1823 ὁ
611 1756 706 1834 ἐντὸς
731 1765 789 1840 τῆς
815 1759 942 1833 πόλεως
969 1754 1025 1822 καί
1053 1757 1208 1843 ἐμφύλιος
1261 1773 1262 1854 χ

195 1868 338 1949 πόλεμος
361 1867 393 1931 εί
413 1864 457 1950 μη
476 1871 590 1942 τοῦτο;
617 1863 729 1946 ἐπειδὴ
749 1859 786 1928 δὲ
805 1863 928 1928 ἔδωκεν
947 1863 967 1946 η
984 1861 1114 1948 Ἀθηνᾶ
1131 1865 1207 1950 πρὸς
1261 1859 1262 1932 λ

196 1974 258 2057 τὴν
290 1972 429 2057 Χρύσην
462 1973 542 2048 τοὺς
572 1972 676 2047 θεοὺς
709 1968 857 2046 ἐκείνους
891 1966 947 2034 καὶ
978 1970 1019 2035 τὰ
1050 1971 1211 2037 παλλάδια
1261 1965 1262 1968 '

196 2076 251 2142 καὶ
275 2076 425 2157 ἐδίδαξεν
449 2075 553 2159 αὐτὴν
576 2077 634 2152 τὰς
655 2078 780 2153 θυσίας
802 2073 856 2141 καὶ
882 2076 940 2153 τὰς
966 2077 1063 2161 τιμάς
1091 2078 1208 2159 αὐτῶν,

197 2184 418 2267 παρήγγειλεν
452 2182 535 2267 αὐτῇ
567 2182 625 2247 ἵνα
659 2184 715 2268 ἔχη
748 2191 851 2248 ταῦτα
883 2183 1025 2267 μυστικά
1051 2181 1109 2248 καὶ
1136 2183 1210 2248 άκύ-

198 2312 310 2375 κρυφα
336 2287 393 2354 καὶ
420 2291 464 2374 μη
493 2295 567 2375 είπη
595 2288 617 2373 ἣ
647 2289 817 2375 ἐξαγγείλη
849 2297 951 2354 ταῦτα
986 2290 1035 2365 είς
1060 2289 1210 2365 πολλούς.

141 2415 179 2466 κο
199 2395 331 2479 ἐποίησε
362 2393 399 2461 δὲ
428 2405 527 2462 τοῦτο
563 2397 619 2461 ἵνα
650 2394 823 2481 ὑπάρχωσι
855 2397 947 2480 τίμια
981 2392 1037 2460 καὶ
1067 2395 1213 2480 ἀγαπητὰ

198 2499 253 2568 καὶ
286 2503 322 2567 οί
347 2499 424 2567 θεοί
456 2501 578 2568 ἐκεῖνοι
610 2499 665 2567 καὶ
697 2503 735 2566 αἱ
763 2502 882 2566 θυσίαι
917 2500 1038 2566 αὐτῶν.
1083 2503 1122 2567 τὸ
1154 2503 1213 2585 γάρ

198 2606 426 2695 κεκρυμμένον
453 2607 508 2674 καὶ
536 2609 663 2694 άδηλον
690 2605 745 2672 καὶ
768 2607 958 2693 ἀπόρρητον
988 2606 1141 2690 άγαπῦσι
1163 2604 1212 2672 καί

200 2719 317 2800 ζητῶσι
353 2713 408 2781 καί
444 2714 648 2799 ἐπιθυμοῦσι
685 2711 741 2778 καὶ
776 2713 973 2799 θαυμάζωσι
1009 2710 1064 2778 καὶ
1100 2724 1213 2798 τιμῶσι

198 2822 317 2898 πάντες
341 2822 376 2887 οί
396 2823 586 2909 άνθρωποι,
613 2822 651 2886 τὸ
676 2817 714 2884 δὲ
737 2822 887 2906 φανερὸν
916 2816 972 2886 καί
1000 2819 1141 2886 εύκολον
1164 2812 1215 2884 καὶ

202 2926 334 3011 ἕτοιμον
359 2926 435 2991 ούτε
458 2926 684 3009 ἐπιθυμοῦσιν
712 2924 788 2989 οὔτε
815 2925 1051 3010 θαυμάζουσιν
1073 2925 1151 2991 ούτε
1172 2948 1214 2990 τι-

202 3043 320 3118 μῶσιν,
335 3030 418 3097 ἀλλά
436 3036 563 3115 μᾶλλον
581 3039 853 3117 καταφρονοῦσιν
872 3030 986 3097 αὐτοῦ.
1024 3025 1117 3116 εἶχον
1134 3039 1215 3117 γοῦν

198 3148 302 3205 ταῦτα
325 3139 345 3222 ἥ
368 3160 403 3203 τε
426 3138 542 3225 Χρύση
566 3136 621 3203 καὶ
645 3137 663 3203 ὁ
686 3138 861 3225 Δάρδανος
888 3139 934 3215 εἰς
958 3138 1020 3221 την
1039 3133 1215 3223 Ἀρκαδίαν

201 3244 255 3312 καὶ
292 3244 430 3311 ἐποίουν
470 3245 584 3322 καθὼς
623 3245 843 3331 παρήγγειλεν
880 3243 994 3321 αὐτοῖς
1029 3243 1051 3327 ἡ
1084 3241 1216 3328 Ἀθηνᾶ.

201 3351 313 3433 ἐπειδὴ
338 3347 376 3414 δὲ
402 3348 531 3433 ἐγένετο
562 3349 580 3415 ὁ
608 3350 837 3433 κατακλυσμὸς
869 3351 917 3425 είς
943 3350 1005 3433 τὴν
1030 3346 1216 3435 Ἀρκαδίαν

271 3504 456 3558 4διατούτου
475 3504 556 3559 codd.
660 3509 792 3571 ῦνοῆται
807 3502 888 3558 codd.
982 3510 1014 3558 16
1034 3511 1142 3575 γρησῆν
1156 3506 1217 3562 vat.

202 3578 236 3627 25
256 3570 373 3641 ἕτοιμων
394 3573 455 3627 Vat.
