2546 4042
502 257 733 313 ,vu-

109 407 221 474 italice
245 405 449 474 Ganabuccio
477 408 528 473 vel
551 406 733 474 Oanabuzni
755 411 907 476 vocatum
931 431 1001 475 esse
1021 411 1126 495 euspi-

110 514 177 580 ceri
200 535 381 598 possumus.
419 513 472 580 Ita
496 515 525 580 ei
543 515 664 581 licebat
684 515 781 583 modo
800 516 942 582 formula
965 517 1013 582 uti
1031 515 1125 600 ἡμεῖς

110 621 147 686 oi
167 624 317 703 Λατῖνοι,
341 620 437 685 modo
460 618 554 704 ἡμεῖς
576 617 768 710 iti-avenam
792 621 856 687 huc
875 625 1000 705 spectat
1021 623 1125 687 totius

111 728 259 811 opusculi
282 729 510 811 argumentum
539 748 578 791 ex
601 725 762 811 Dionysio
785 726 1047 793 Halicarnaeensi
1074 728 1127 794 de·

110 836 292 919 sumptum,
309 854 384 917 -quo
412 831 579 898 Romanos
607 837 720 899 contre
751 833 836 899 false
863 833 999 900 crimine
1029 838 1126 920 etque

110 941 258 1007 convicia
268 939 464 1005 Graecorum
475 938 627 1025 defendit,
642 939 871 1025 comprobatur
880 940 979 1010 etiam
989 962 1028 1007 eo
1041 942 1126 1025 quod

109 1044 243 1132 linguae
266 1045 385 1110 latinae
408 1050 442 1111 et
463 1045 592 1111 italicae
617 1067 720 1136 aeque,
741 1049 792 1112 est
813 1044 948 1132 peritus.
981 1044 1127 1112 (lemme-

111 1156 220 1218 morat
232 1152 369 1236 denique
388 1150 526 1236 arberga
540 1149 758 1216 Genuensium
772 1151 977 1236 familiaeque
991 1152 1127 1217 nobilis·

110 1260 212 1324 simas
235 1257 337 1323 Doria
356 1261 390 1322 et
413 1255 555 1341 Spinolc.
584 1256 647 1323 Sed
667 1258 815 1342 quamvis
838 1258 951 1342 lingua
969 1259 1128 1325 moribus-

111 1387 175 1452 que
197 1368 343 1430 mutatue
360 1363 458 1430 fidem
481 1367 591 1430 tomen
609 1364 812 1430 conservavit
829 1363 1025 1430 catholicam
1044 1386 1129 1430 sum·

111 1493 230 1557 meque
253 1493 327 1537 cum
350 1471 593 1537 reverentiade
616 1469 722 1536 Roma
744 1471 837 1557 urbe,
865 1492 946 1557 quae
970 1471 1128 1536 manserit

112 1582 212 1663 ceput
233 1577 347 1643 mundi
370 1581 503 1663 propter
526 1576 704 1662 ecclesiam,
728 1580 762 1641 et
784 1577 823 1643 de
841 1599 947 1663 papae
967 1577 1128 1662 dignitate
1250 1619 1253 1624 Δ

111 1683 159 1773 (p.
178 1680 325 1771 21-23)
344 1683 487 1768 itemque
505 1703 625 1768 magno
645 1705 719 1748 cum
741 1682 875 1748 fastidio
894 1682 933 1746 de
953 1683 1016 1748 diis
1034 1683 1128 1748 falsis

110 1793 263 1877 fictisque
286 1789 482 1857 Graecorum
509 1794 657 1856 veterum
685 1789 833 1873 loquitur
854 1785 900 1875 (p.
924 1789 977 1854 20.
999 1790 1053 1875 41,
1075 1788 1129 1854 29.

113 1899 257 1982 70,13).

203 2004 317 2070 Patria
349 2003 446 2069 simul
484 2007 518 2068 et
549 2001 749 2068 domicilium
782 1999 993 2068 Canabutzae
1028 1999 1129 2067 Ohius

112 2117 185 2179 eret
206 2111 322 2196 insule,
346 2114 380 2175 et
402 2110 474 2194 ipse
497 2112 569 2174 tum
590 2110 626 2173 in
647 2111 811 2193 potestate
833 2108 956 2174 nobilis
982 2105 1131 2175 Genuen·

113 2219 199 2285 sium
222 2216 367 2282 familiae
391 2214 682 2296 Giuetinianorum‚
705 2215 761 2299 qui
784 2236 870 2281 enno
889 2215 1020 2281 demum
1045 2199 1131 2280 1566

113 2348 152 2392 ea
184 2327 262 2389 sunt
292 2321 454 2408 privati.¹)
503 2320 557 2386 Ibi
589 2342 623 2386 se
654 2319 805 2386 habitare
840 2321 911 2406 ipse
947 2323 1067 2388 indicat
1097 2321 1133 2386 in

113 2431 282 2518 prooemio
311 2451 342 2513 p.
361 2429 396 2512 2,
415 2429 473 2494 11:
506 2426 570 2512 ἐγὼ
599 2423 637 2492 δὲ
664 2425 892 2513 ἀπεκρινάμην
919 2429 1002 2514 πρὸς
1029 2427 1132 2493 αὐτόν

114 2529 286 2621 [loannem
319 2536 514 2621 magistrum
550 2534 709 2600 medicum
747 2533 904 2618 principis
940 2534 1037 2601 Lesbi
1080 2534 1132 2601 vel

114 2645 314 2730 Mitylenen,
336 2642 381 2719 ὡς
407 2639 483 2728 περὶ
509 2637 571 2725 μὲν
597 2649 656 2725 τῆς
678 2642 875 2724 Μιτυλήνης
897 2640 918 2726 ἢ
941 2635 1008 2724 τῆς
1030 2642 1132 2706 Χίου

114 2753 136 2836 ἦ
158 2773 253 2828 τινος
275 2751 377 2834 ἄλλης
399 2751 527 2825 πόλεως
556 2746 754 2831 ἀνατολικῆς
780 2743 836 2812 καὶ
858 2747 1030 2832 γνωρίμου
1053 2744 1134 2831 ἡμῖν

116 2859 279 2943 οὐδεμίαν
307 2866 449 2922 ποιεῖται
477 2855 626 2941 μνήμην,
654 2851 731 2940 περὶ
754 2849 792 2918 δὲ
814 2855 919 2938 μόνης
940 2861 999 2938 τῆς
1021 2857 1133 2938 Σαμο-

115 2961 247 3052 θρᾴκης
270 2965 376 3047 νήσου
396 2962 561 3046 διηγεῖταί
575 2983 607 3025 τι
626 2960 750 3043 ὀλίγον.
781 2958 1002 3026 Confirmetur
1024 2962 1133 3024 autem

115 3073 335 3138 instrumento
360 3069 500 3155 quodam
524 3065 606 3134 Chio
636 3089 720 3133 anno
747 3067 832 3132 1511
862 3062 1016 3152 scriptol)
1039 3065 1133 3130 fami·

115 3179 196 3244 liam
230 3175 493 3244 Oancbutzarum
524 3173 559 3239 in
590 3174 650 3238 illa
681 3174 786 3239 insula
819 3177 897 3239 tunc
933 3171 1134 3238 domicilium

191 3407 217 3475 1)
235 3403 350 3475 Finlay‚
379 3404 483 3459 Greece
511 3402 600 3458 under
628 3401 768 3457 Othoman
796 3399 853 3456 and
879 3397 1018 3456 Venetiae
1047 3399 1135 3454 domi·

116 3480 218 3615 mmai
234 3481 399 3601 lldililoeich
428 3548 457 3601 et
482 3544 592 3614 Mullen
621 3545 686 3600 acta
713 3545 742 3598 et
770 3541 927 3611 diplomate
955 3541 1064 3596 Graeca
1087 3539 1136 3594 ΙΙΙ.

1 3595 3 3604 ’
116 3616 388 3689 emmmu
