2558 4036
541 171 757 238 ..52-

142 334 266 417 ὀλίγου.
303 330 461 416 ἐκράτησε
483 340 568 415 γοῦν
590 328 644 396 καί
669 329 839 416 ἐκυρίευσε
862 338 920 413 τῆς
937 329 1048 414 χώρας
1070 329 1150 413 ὅσην

141 440 301 524 ἠπυδήθη
323 435 379 503 ιιαλ
402 440 521 521 ἔλαβεν
544 437 607 502 ἀπὸ
626 437 757 521 πρώτης
775 438 973 522 προσβολῆς.
1004 432 1059 500 καὶ
1077 437 1153 520 μετὰ

141 554 244 610 ταῦτα
268 539 334 630 εἶχε
351 541 517 627 πολέμους
539 541 618 609 καθ’
646 540 785 626 ἑκάστην
808 542 975 627 μετὰτῶν
995 540 1154 607 ἐντοπίων

143 651 322 738 βαρβάρων
353 648 408 716 καὶ
439 660 507 716 τῶν
539 651 649 716 ἄλλων
681 649 794 715 ἐθνῶν
821 658 889 714 τῶν
920 650 1073 731 πλησίων
1101 658 1156 732 τῆς

143 759 251 843 χώρας
279 756 397 836 αὐτοῦ,
431 762 495 821 είτε
523 757 579 821 διὰ
605 756 642 821 τὸ
670 757 785 838 λαβεῖν
812 753 868 820 καλ
897 755 959 838 τὴν
986 753 1156 820 ἐπίλοιπον

144 866 256 949 χώραν
283 873 351 928 τῶν
377 863 556 948 βαρβώρωυ
584 867 648 927 είτε
677 863 733 926 διὰ
759 862 797 926 τὸ
825 862 985 926 ἵστασθαι
1017 863 1157 946 ίσχυρῶς

144 966 199 1034 καὶ
222 969 266 1053 μὴ
291 969 493 1033 σαλεύεσθαι
516 967 579 1033 ἀπὸ
602 975 661 1053 τῆς
682 969 791 1054 χώρας
812 968 856 1051 ἣν
877 969 982 1050 ἔλαβε.
1030 967 1076 1045 ὡς
1098 963 1159 1034 οὖν

145 1071 235 1142 εἶδεν
258 1075 276 1141 6
304 1078 449 1200 Τεῦκρος
472 1068 570 1152 οὗτος
592 1076 652 1140 τὸυ
669 1074 852 1158 Δάρδανον
875 1071 931 1139 καὶ
948 1077 1029 1151 τοὺς
1045 1073 1160 1159 “-Ελλη

145 1205 206 1257 νας
232 1183 311 1258 τοὺς
342 1174 410 1266 μετ’
447 1180 551 1246 αὐτοῦ
584 1182 634 1247 ὅτι
667 1179 831 1266 ἐπέρασαν
863 1180 926 1246 ἀπὸ
959 1189 1017 1264 τῆς
1050 1185 1161 1266 Σαμο·

94 1305 127 1354 10
145 1284 275 1417 θρᾴκης
306 1285 362 1352 καὶ
392 1289 547 1372 ἤλθοσαυ
579 1289 626 1365 είς
652 1289 692 1352 τὰ
719 1285 802 1372 μέρη
831 1285 941 1352 ἐκεῖνα
968 1295 1027 1370 τῆς
1054 1288 1163 1373 χώρας

147 1392 265 1476 αυτοῦ,
294 1392 393 1478 ἐχάρη
421 1394 555 1478 σφόδρα
583 1392 639 1460 καὶ
666 1393 797 1473 ἐδέξατο
830 1394 954 1471 αὐτοὺς
961 1393 1163 1477 ἀσπασίως,

148 1500 185 1563 τὸ
209 1495 270 1583 μὲν
294 1499 339 1576 ὡς
352 1497 516 1583 Ἕλληνας
538 1498 633 1565 μαλ’
616 1502 679 1566 απὸ
703 1509 764 1566 τοῦ
782 1499 903 1584 γένους
925 1500 1043 1586 αὐτοῦ,
1065 1501 1102 1565 τὸ
1126 1496 1164 1566 δὲ

147 1606 203 1670 ἵνα
226 1607 283 1692 ἐχη
303 1605 425 1684 αὐτοὺς
447 1609 598 1691 βοηθοὺς
619 1605 675 1672 καί
698 1607 892 1692 συμμάχους
916 1609 962 1683 είς
984 1608 1046 1671 τὸν
1069 1609 1165 1672 πόλε-

147 1735 211 1796 μον
235 1711 275 1778 ὃν
296 1707 362 1798 εἶχε
379 1711 456 1778 καθ’
481 1712 622 1796 ἑκάστην
639 1711 767 1798 ἡμέραν
785 1715 866 1798 μετὰ
884 1723 952 1779 τῶν
971 1713 1165 1799 βαρβάρων,
1261 1799 1262 1802 ¹

147 1820 184 1883 τὸ
209 1815 246 1883 δὲ
267 1821 392 1905 τρίτου,
416 1820 472 1885 ἵνα
495 1823 630 1905 οίκισθῇ
653 1819 674 1903 ἡ
697 1820 788 1907 χώρα
812 1819 925 1885 αὐτοῦ.
970 1819 1167 1905 ἡπερισσο-

146 1921 226 2010 τέρα
253 1925 316 2009 γὰρ
344 1925 491 2010 ὑπῆρχεν
519 1928 639 2012 ἔρημος
667 1927 723 1990 διὰ
751 1924 927 2009 ὀλιγότητα
958 1924 1014 1990 καὶ
1043 1925 1167 1992 σπάνιν

148 2029 347 2114 ἀνθρώπων.
383 2031 439 2095 διδι
456 2033 514 2108 τὰς
537 2033 643 2109 αἰτίας
665 2040 750 2115 γοῦν
772 2033 894 2108 ταύτας
918 2030 1051 2110 ἐδέξατο
1075 2054 1167 2118 περι·
1265 2019 1266 2022 ¹

147 2145 257 2221 χαρώς
288 2136 347 2200 τὸν
375 2136 559 2222 Δάρδανον
585 2135 641 2203 καί
673 2140 752 2215 τοὺς
770 2135 934 2222 Ἕλληνας
966 2137 984 2203 6
1022 2143 1169 2224 Τεῦκρος

148 2238 203 2306 καὶ
234 2241 336 2306 ἔδωκε
363 2243 446 2326 πρὸς
474 2243 596 2320 αὐτοὺς
622 2245 684 2328 τὴν
706 2245 835 2330 χώραν,
864 2245 921 2310 ἵνα
942 2247 1168 2330 ιιατοικησωσι

95 2364 129 2413 20
148 2345 204 2412 καὶ
235 2350 371 2412 κτίσωσι
402 2346 457 2413 καλ
490 2351 602 2426 πόλεις
632 2350 747 2427 καθὼς
773 2348 829 2415 καί
857 2353 984 2415 ἔκτισεν
1013 2350 1059 2428 ώς
1087 2372 1170 2436 προ-

148 2455 284 2538 είπομεν
308 2453 325 2520 6
349 2455 529 2540 Δάρδανος
551 2457 613 2540 τὴν
636 2458 735 2522 πόλιν
762 2457 881 2540 ἥντινα
910 2454 966 2521 ιιαλ
989 2455 1168 2541 ὠνόμασεν

203 2572 274 2618 καὶ
261 2571 308 2619 απὸ
330 2560 514 2647 Δάρδανον
537 2563 574 2627 τὸ
598 2563 704 2647 ’ὄνομα
728 2563 840 2628 αὐτοῦ.
889 2559 943 2628 καὶ
970 2571 1076 2628 ταῦτα
1104 2559 1168 2648 μὲν

122 2587 209 2691 οῦπΔα
181 2643 296 2762 ρῗξου
273 2663 419 2763 ,2666
451 2669 469 2735 6
501 2668 686 2746 Διονύσιος
716 2667 771 2734 καὶ
805 2669 966 2753 διηγεῖται
998 2667 1075 2754 περὶ
1109 2679 1170 2754 τῆς

119 2801 175 2849 ου
162 2729 289 2850 Μλιώοα
328 2771 557 2861 Σαμοθρηίκης
584 2776 631 2852 είς
658 2774 826 2853 ἀπόδειξιν
854 2775 967 2851 καθὼς
994 2786 1172 2860 προεῖπον,

95 2859 140 3042 ’ἓν
152 2858 353 2972 ἶξζωζωῗῗῃ
335 2903 386 2944 οτι
408 2878 463 2944 καλ
485 2890 553 2945 τῶν
580 2882 703 2966 Τρώων
725 2882 763 2946 τὸ
786 2879 884 2965 γένος
903 2880 1051 2966 ὑπῆρχεν
1076 2880 1174 2966 ἑλλη-

95 2996 220 3125 ηαὺιάῖρῶ
221 3013 283 3115 χει
270 2989 438 3115 αχλυιιιίυ,
456 2987 493 3052 τὸ
513 2982 575 3070 μέν
589 2986 653 3052 ἀπὸ
672 2990 732 3053 τοὺ
756 2988 905 3072 Τεύκρου
919 2995 979 3052 τοῦ
993 2988 1171 3071 βασιλέως,

258 3085 460 3194 αζώστις
443 3101 590 3178 υπῆρχευ
610 3087 789 3177 Ἀθηναῖος
809 3091 864 3159 καὶ
886 3088 971 3177 ἦλθε
988 3090 1045 3158 καὶ
1063 3091 1173 3182 κατώ·

173 3142 286 3256 ε’ναιηνα
333 3214 435 3282 ιιησεν
468 3200 514 3276 είς
547 3200 587 3264 τώ
619 3198 701 3284 μέρη
733 3208 836 3266 ταῦτα
869 3200 949 3284 μετὰ
984 3208 1046 3264 τοῦ
1083 3160 1172 3265 λαώῦ

151 3304 270 3389 αὐτοῦ,
302 3307 339 3371 τὸ
364 3301 445 3370 δὲ’
428 3305 492 3370 απὸ
520 3315 580 3372 τοῦ
607 3304 792 3390 Λαρδοίυου
823 3303 877 3372 καὶ
905 3316 972 3370 τών
995 3302 1172 3390 Ελληυωυ

223 3529 274 3598 ξεί.
293 3528 452 3599 οίιιισθῆσα.
490 3529 625 3601 ἀπόχωνα
644 3531 725 3588 codd.
