2546 4042
189 1088 358 1163 Ἰωάννου
385 1093 618 1186 Καναβούτζη
646 1105 713 1164 τοῦ
743 1099 939 1188 μαηίστρου

54 1215 149 1311 πρὸς
181 1215 243 1287 τὸν
276 1215 456 1311 αὐθέντην
489 1231 552 1311 της
583 1223 695 1288 Αἴνου
728 1219 786 1288 καὶ
819 1218 1073 1314 Σαμοθρᾴκης.

108 1397 157 1479 Τῷ
176 1391 352 1479 ὑψηλοτάτῳ
370 1391 420 1452 καλ
439 1393 730 1479 μεγαλοπρεπεστάτην)
750 1416 799 1472 μοι
817 1392 950 1480 αὐθέντῃ
969 1403 1022 1474 τῆς

360 1481 458 1542 Αἴνου
481 1480 530 1541 καλ
552 1476 766 1567 Σαμοθρᾴκης.

129 1623 194 1702 Τῆς
218 1621 375 1704 δουλικης
397 1619 517 1703 ταύτης
540 1616 595 1684 καὶ
615 1624 780 1705 τολμηρᾶς
799 1616 973 1704 ἀναφορᾶς
990 1621 1074 1704 πρὸς

53 1727 120 1810 την
149 1725 331 1791 αὐθεντίαν
359 1742 422 1790 σου
454 1725 638 1809 ὑψηλότατα
665 1724 720 1790 καλ
750 1723 1077 1810 μεγαλοπρεπέστατέ

53 1856 117 1918 μοι
139 1829 287 1898 αὐθέντα
311 1831 372 1897 οὐκ
394 1833 486 1900 ἔστιν
500 1833 591 1915 άλλη
615 1831 698 1917 άρχη
721 1829 776 1896 καλ
801 1831 963 1908 ὑπόθεσις
981 1832 1073 1916 εἰμὴ

54 1939 76 2005 ὁ
93 1939 259 2024 λστορικὸς
272 1939 456 2015 Διονύσιος
470 1934 764 2022 ὁλΑλικαρνασεάς.
793 1939 882 2015 ὅστις
891 1938 1075 2014 Διονύσιος

54 2045 106 2122 εἰς
133 2045 171 2108 τὸ
195 2047 327 2127 βίβλιον
353 2051 410 2126 τῆς
438 2043 604 2129 ρωμαικης
631 2043 735 2109 αὐτοῦ
762 2044 1010 2130 ἀρχαιολογίας,
1038 2043 1074 2109 ἐν

54 2141 84 2239 ᾧ
111 2151 274 2233 διηγεῖται
296 2151 337 2214 τά
359 2149 423 2214 άτιὸ
446 2157 504 2233 τῆς
522 2149 623 2235 ἀρχῆς
640 2148 696 2215 καλ
713 2154 850 2228 κτίσεως
867 2159 925 2234 της
938 2147 1072 2236 Ῥώμης,
1087 2172 1119 2220 10

54 2257 261 2342 μνημονεύει
292 2253 347 2321 καλ
380 2255 575 2340 ἐνθυμεῖται
610 2254 665 2320 καλ
703 2257 868 2340 διηγεῖταί
896 2278 927 2321 τι
959 2257 1074 2341 ὀλίγον

54 2360 135 2450 περὶ
162 2371 220 2447 τῆς
247 2365 353 2447 νήσου
379 2371 438 2446 τῆς
465 2362 645 2439 αὐθεντίας
672 2378 735 2428 σου
762 2371 821 2445 της
848 2360 1076 2451 Σαμοθρᾴκης

56 2471 106 2547 εἰς
121 2469 291 2548 ἀπόδειξιν
309 2465 363 2534 καλ
382 2469 590 2554 παράστασιν
609 2469 659 2534 ὅτι
678 2466 788 2534 καὶτὸ
806 2471 949 2553 τρωικὸν
967 2468 1075 2554 γένος,

55 2572 119 2661 ὑφ’
146 2570 189 2641 οὗ
218 2577 351 2658 ἐκτίσθη
375 2571 430 2640 καλ
454 2576 589 2659 οἰκίσθη
617 2571 779 2659 ηῬώμη,
808 2575 955 2660 ὑπῆρχεν
982 2573 1076 2659 ἕλλη·

55 2683 157 2747 νικὸν
180 2683 334 2766 καθαρὸν
353 2681 491 2759 ἐξελθὸν
510 2679 574 2745 άτιὸ
597 2690 654 2764 της
673 2683 915 2764 Πελοποννάσου
933 2690 993 2746 τοῦ
1010 2689 1076 2746 νῦν

55 2784 272 2871 καλουμένου
304 2785 439 2872 Μορέος
471 2784 526 2851 καλ
558 2797 759 2872 αατοικησαν
791 2789 839 2864 εἰς
870 2788 931 2872 την
963 2792 1076 2871 Σαμο-

55 2891 196 2981 θρᾴκην
224 2891 279 2958 τιαλ
307 2893 371 2958 άτιὸ
399 2895 520 2978 ταύτης
549 2903 697 2979 περάσαν
723 2890 780 2958 καλ
807 2893 910 2959 ἐλθὸν
937 2895 985 2971 εἰς
1014 2893 1076 2978 τὴν

56 2999 230 3082 άνατοληυ
261 3000 308 3076 εἰς
339 3000 380 3064 τά
407 2999 490 3084 μέρη
519 3008 576 3083 της
602 3001 759 3084 Τρωάδος
785 2999 841 3065 καλ
867 3009 1077 3084 κατοικησαν.

58 3105 76 3169 ὁ
110 3106 178 3190 γάρ
211 3106 258 3182 εἰς
284 3105 391 3170 πάντα
424 3107 559 3190 άριοτος
591 3105 645 3172 καλ
672 3108 772 3183 καλὸς
803 3106 821 3171 ὁ
849 3108 990 3191 φυσικὸς
1016 3115 1077 3172 τοῦ

57 3211 274 3294 ὑψηλοτάτου
293 3235 359 3296 μου
378 3211 547 3278 αὐθέντου
564 3222 625 3278 τοῦ
645 3212 857 3299 αὐταιλέλφου
878 3220 937 3296 της
955 3213 1076 3278 αὐθεν-
1088 3231 1122 3278 20

129 3423 245 3476 Nomen
258 3421 444 3493 Καναβοάτζη
459 3423 539 3478 deest
552 3421 585 3492 V,
604 3421 787 3493 Καναβοάτζη
802 3429 852 3476 τοῦ
867 3440 1033 3492 μαηιστορος
1047 3424 1077 3478 Ρ.

57 3489 233 3548 λαάθέντιν
252 3491 286 3547 V.
333 3491 454 3549 αάθέντι
471 3493 535 3549 Van
632 3500 656 3549 3.
676 3499 693 3545 4
712 3494 741 3548 in
759 3494 813 3547 fine
832 3494 953 3563 paginae
972 3494 1078 3562 primae
1186 3503 1191 3515 ’

56 3565 149 3619 adeor.
171 3562 204 3616 in
219 3564 282 3618 Vat.
302 3564 403 3618 desunt
422 3566 451 3618 T.
476 3583 503 3634 p.
600 3565 756 3619 Βαάθεντι
787 3563 867 3619 codd.
939 3569 970 3618 11
991 3559 1080 3618 ἐνθυ-

55 3642 144 3704 μῆται
165 3634 248 3690 οοάά.
270 3641 302 3688 11
322 3635 419 3705 θιηηεῖ
431 3633 462 3690 τέ
479 3655 507 3689 τι
526 3636 559 3690 V.
598 3641 631 3690 14
649 3635 698 3689 καλ
717 3633 831 3704 οἰαίσθη
851 3635 953 3690 desunt
969 3634 999 3688 Τ.
1014 3653 1042 3702 p.

107 3735 147 3776 Io.
162 3734 340 3784 mmmm,
354 3734 388 3775 ed.
403 3734 555 3775 Lehnerdt.
852 3730 865 3776 1
