2546 4042
540 199 768 253 -XII—

148 349 283 434 βιβλίον
309 347 347 413 ἓν
376 347 476 426 ὅλους
501 349 581 427 τοὺς
599 335 769 427 ‘putatoris
800 348 933 432 μύθους
959 357 1027 414 τῶν
1049 344 1171 434 Ἑλλή-

147 479 228 539 νων,
253 455 373 532 οἵτινες
394 448 481 538 ἦσαν
504 452 793 542 ὃιεσκορπισμένοι
815 452 871 520 καὶ
896 455 1037 522 ἄτακτοι.
1083 456 1171 541 Epi-

148 563 265 631 stolam
289 584 365 627 vero
388 562 566 627 Alexandri
594 563 634 628 ad
662 560 888 646 Aristotelem,
912 583 994 647 quae
1017 565 1068 626 est
1091 563 1171 627 bre-

146 669 281 735 vissima
308 669 394 753 apud
423 667 624 735 Horcherum
652 669 839 754 epistologr.
867 689 971 754 graec.
995 690 1026 752 p.
1045 669 1088 734 98
1114 670 1170 736 ed.

146 775 268 861 Didot.,
292 776 463 861 quinquies
490 776 559 841 fere
592 779 685 841 tanto
718 775 931 860 amplificavit
958 772 1168 842 Canabutnes

147 879 193 968 (p.
211 879 258 969 5).
302 881 407 948 Paulo
427 882 556 966 quidem
579 883 738 948 minuitur
757 883 859 967 culpa,
884 881 970 966 quod
993 883 1062 966 ipse
1081 883 1169 949 vitio

146 988 205 1053 illo
234 1009 268 1052 se
296 986 446 1053 laborare
473 1008 541 1052 non
567 987 699 1074 ignorat
727 985 844 1074 (plb,
869 987 941 1074 18),
964 1010 1167 1073 quamquam

146 1094 388 1159 illustrissimus
412 1092 495 1160 Aeni
522 1095 671 1180 princeps
704 1095 917 1160 admiratione
949 1097 1065 1160 nostra
1096 1117 1167 1161 non

147 1200 300 1285 indignus
326 1200 466 1284 videtur,
490 1202 519 1265 si
545 1202 711 1286 ,ἄμετρον
734 1198 790 1266 καὶ
815 1201 1037 1286 παρακαίριον
1060 1205 1167 1266 πολυ-

147 1306 284 1390 λογίανίί
311 1307 452 1371 auctoris
481 1307 643 1394 patienter
669 1307 824 1373 toleravit
856 1308 987 1391 eiusque
1013 1307 1166 1372 libellum

146 1433 248 1496 usque
272 1411 313 1476 ad
335 1412 433 1476 finem
456 1411 606 1498 perlegit.

235 1517 355 1584 Totum
379 1523 487 1584 autem
514 1539 618 1605 genus
641 1518 768 1584 dicendi
795 1521 845 1584 est
872 1517 1023 1586 Graeculi
1045 1541 1165 1604 parum

146 1625 275 1710 sagacis
311 1625 507 1710 pinguisque
538 1625 661 1710 ingenii
697 1647 800 1709 neque
837 1628 948 1691 tamen
979 1625 1166 1692 eruditione

148 1731 299 1796 carentis.
345 1730 449 1796 Multa
476 1753 554 1798 vero
588 1732 738 1798 clericum
765 1731 922 1817 redolent,
945 1754 1048 1817 neque
1074 1734 1164 1798 enim

148 1839 253 1903 solnm
276 1839 339 1904 loci
358 1860 469 1904 sacrae
489 1839 669 1922 scripturae
693 1839 835 1904 citantur
862 1835 907 1925 (p.
926 1839 965 1923 4‚·
981 1839 1011 1904 3.
1036 1838 1088 1922 13,
1110 1839 1163 1906 13.

145 1944 198 2028 21,
217 1943 247 2008 2.
270 1941 472 2030 22,14,15),
496 1945 551 2009 sed
575 1945 674 2010 etiam
696 1947 768 2010 tota
795 1943 863 2008 fere
886 1945 995 2029 capita
1016 1939 1082 2022 κζ’.
1105 1941 1164 2010 κε’

145 2044 203 2118 κς’
234 2049 374 2115 oratoris
404 2053 480 2116 sunt
506 2051 664 2117 derebus
689 2051 842 2118 ecclesiae
866 2051 1033 2116 Romanae
1059 2050 1164 2117 rerba

144 2154 305 2221 facientis.
350 2154 479 2241 Ubique
507 2161 621 2223 autem·
643 2158 741 2243 plena
773 2161 824 2222 est
852 2159 956 2224 oratic
986 2159 1163 2223 sententiis

146 2265 179 2326 et
202 2262 369 2328 vocabulis
389 2264 423 2328 in
440 2263 534 2328 libris
554 2264 671 2330 divinis
691 2264 743 2330 vel
763 2265 848 2348 apud
868 2264 1042 2348 scriptores
1062 2265 1163 2330 eccle-

145 2367 296 2434 siasticos
315 2370 429 2436 obviis.
471 2369 610 2436 Omnino
629 2374 666 2436 ut
683 2370 836 2456 loquendi
851 2393 928 2436 usus
944 2374 1164 2456 cognoscatur

145 2470 352 2540 Oanabutnae
376 2475 416 2540 ad
438 2476 578 2543 indicem
601 2478 791 2564 graecitatis
814 2476 925 2563 relego
948 2478 1097 2544 lectores.

233 2579 384 2666 Dionysii
411 2584 500 2650 locos
529 2607 611 2671 quos
644 2586 803 2670 excerpsit
834 2585 887 2650 vel
920 2586 1162 2650 commentatus

145 2690 195 2752 est
223 2685 426 2755 Canabutzes
454 2689 514 2756 sub
544 2694 719 2777 conspectu
747 2691 892 2776 capitum
924 2688 1003 2777 (ind.
1025 2691 1054 2775 I)
1084 2712 1161 2756 con-

143 2794 215 2859 tuli.
261 2792 360 2859 Cuius
387 2797 423 2861 in
445 2799 688 2863 commentariis
717 2821 799 2883 quae
827 2798 867 2864 ad
890 2798 1010 2863 rectius
1033 2798 1160 2864 intelle·

69 2968 71 2973 ,
144 2899 285 2984 gendum
309 2901 361 2966 vel
390 2904 626 2975 emendandum
649 2903 804 2990 Dionysii
826 2908 951 2969 textum
974 2905 1160 2988 pertineant

13 2997 24 3018 '
143 3006 254 3089 aliqua
276 3005 415 3073 inveniri
437 3032 533 3092 posse
558 3033 631 3096 spes
654 3034 706 3077 me
729 3010 855 3076 fefellit.
901 3010 1047 3076 Primum
1071 3012 1159 3076 enim

141 3113 232 3176 totus
260 3113 379 3199 pendet
409 3117 449 3180 ab
481 3121 610 3184 auctore
638 3141 712 3204 suc,
738 3119 938 3203 nimiumque
965 3118 995 3183 ei
1023 3118 1158 3184 honoris

143 3219 295 3283 attribuit
317 3219 499 3288 Lobeckius
521 3225 684 3309 Aglaoph.
706 3225 749 3311 Il,
770 3226 865 3311 1204,
888 3227 1027 3291 fort-asse
1050 3226 1158 3309 ipsum

142 3321 366 3393 Canabutzam
397 3329 518 3416 legisse
553 3329 734 3398 Callistrati
767 3332 805 3397 de
838 3331 1047 3399 Samothrace
1076 3355 1157 3419 opus

142 3429 260 3496 dicens.
313 3433 399 3499 Nam
441 3437 494 3502 vel
529 3437 570 3503 iis
604 3438 701 3522 locis,
738 3439 795 3505 ubi
831 3439 932 3505 videri
968 3440 1051 3506 velle
1084 3461 1157 3506 eum

142 3538 314 3620 suspiceris
338 3561 375 3604 ex
400 3541 473 3606 aliis
498 3566 624 3630 quoque
647 3545 792 3610 fontibus
810 3546 960 3612 hausisse
977 3546 1074 3632 idque
1094 3571 1158 3613 cre·
1191 3537 1194 3544 Δ
