2558 4036
571 197 788 263 ..56-

173 358 264 435 όστις
295 357 442 443 ὑπῆρχεν
473 358 521 433 εἰς
553 357 615 440 τήν
651 354 810 440 Τένεδον,
846 356 959 433 καθὼς
995 351 1082 440 ήσαν
1113 355 1183 441 μετ’

173 463 325 547 ἀλλήλων
347 460 423 548 περὶ
446 464 567 529 τούτου
591 462 882 548 συμφωνηθέντες.
928 463 1091 540 οὕστινας
1108 465 1186 540 τοὺς

171 573 302 655 φανοὺς
332 571 414 636 ἰδὼν
442 569 460 636 6
489 573 606 647 στόλος
632 565 739 653 ήλθεν
765 571 951 657 παραυτίκα
978 567 1033 634 καὶ
1057 569 1093 635 οί
1112 568 1185 654 περί

170 679 231 742 τὸν
251 675 430 743 Μενέλαον
448 675 587 760 ήνοιξαν
604 677 662 754 τὰς
680 677 786 754 πύλας
804 674 859 741 καὶ
879 673 1034 754 ἐδέξαντο
1054 675 1183 757 αὐτούς,

160 783 292 861 οἵτινες
315 785 523 860 εἰσελθόντες
546 785 688 866 ἔβαλλον
710 789 777 868 πῦρ
801 783 848 860 εἰς
866 781 966 868 μέρος
988 782 1026 847 ἓν
1048 791 1107 866 τής
1127 783 1184 846 πό-

170 893 253 967 λεως
275 889 332 955 ἵνα
354 891 530 975 θροήσωσι
552 891 611 954 τὸν
635 890 726 954 λαόν.
759 883 834 953 εἶτα·
848 887 985 954 ἐποίουν
1004 893 1066 953 εἰτι
1084 889 1184 953 κακὸν

171 997 218 1072 εἰς
240 996 302 1080 τήν
324 997 433 1078 πόλιν,
457 995 567 1080 ὥσπερ
587 995 725 1079 ἐμελλον
747 1004 856 1060 ποιεῖν
874 994 1052 1079 ἄνθρωποι
1070 991 1184 1080 ἐχθροὶ

169 1099 225 1166 καί
247 1096 514 1184 τεταλωπημένοι
537 1098 617 1165 δέκα
639 1103 783 1185 χρόνους
802 1100 849 1177 εἰς
866 1101 926 1165 τὸν
944 1102 1092 1186 πόλεμον
1109 1109 1183 1165 τοῦ·

169 1231 238 1274 τον.
284 1209 449 1292 ἔσφαττον
476 1206 524 1284 εἰς
550 1209 630 1285 τοὺς
660 1206 802 1290 ύτινους,
831 1208 879 1284 εἰς
905 1208 963 1284 τδις
990 1207 1109 1289 ὁδούς,
1139 1209 1185 1282 εἰς

117 1330 151 1379 10
170 1315 228 1391 τὰς
251 1314 356 1389 οἰκίας
368 1315 452 1389 ,τοὺς
474 1312 704 1398 ταλαιπώρους
731 1315 846 1396 Τρῶας
867 1309 923 1376 καὶ
945 1313 1003 1389 τὰς
1026 1323 1184 1397 γυναῖκας

168 1417 225 1485 καί
252 1418 292 1482 τὰ
320 1418 436 1483 παιδία
464 1418 575 1483 αὐτῶν
602 1415 658 1482 καί
687 1419 869 1504 διήρπαζον
896 1416 952 1484 καί
978 1420 1041 1503 τὴν
1068 1418 1185 1484 οὐσίαν

170 1525 289 1590 αὐτῶν.
335 1523 554 1609 ἐχειρώσαντο
587 1518 650 1590 οὖν
684 1521 740 1589 καί
771 1527 831 1590 τὸν
860 1527 1017 1610 Πρίαμον
1044 1522 1185 1591 καὶτὸν

170 1626 264 1696 οἰκον
296 1629 401 1695 αὐτοῦ
438 1630 519 1695 ὅλον
554 1627 609 1695 καί
641 1633 720 1708 τοὺς
751 1631 871 1707 παῖδας
908 1630 1012 1696 αὐτοῦ
1045 1629 1101 1696 καί
1128 1631 1186 1707 τὰς
1262 1681 1263 1770 ρ

168 1735 358 1823 θυγατέρας
381 1735 486 1802 αὐτοῦ
507 1734 563 1801 καὶ
585 1737 673 1820 πλὴν
696 1745 756 1801 τοῦ
778 1739 902 1823 πατρὸς
924 1737 1030 1802 αὐτοῦ
1049 1737 1129 1802 ὅλον
1148 1739 1187 1802 τὸ

115 1907 151 1966 off
175 1922 203 1954 m
219 1909 330 1953 Mm-
353 1839 450 1925 γένος
468 1843 572 1908 αὐτοῦ
595 1839 651 1907 καί
670 1841 769 1919 ὅλους
791 1846 870 1920 τοὺς
888 1844 1051 1930 ἄρχοντας
1073 1842 1187 1909 αὐτοῦ.
1263 1838 1264 1906 λ

117 1943 168 2042 ⁸06⁶
192 1924 234 2025 τῖς
254 1927 330 2038 6926-
353 1948 371 2014 6
398 1949 461 2033 γὰρ
493 1949 599 2032 πατήρ
633 1947 737 2012 αὐτοῦ
770 1947 787 2014 6
820 1947 1006 2034 Λαομέδων
1033 1952 1099 2035 πρὸ
1126 1960 1190 2015 τοῦ
1264 1994 1265 2044 ρ

113 2065 159 2166 μοχ
178 2052 220 2095 '⁰¹³
238 2048 330 2164 ‘32⁰³‘ss
352 2051 500 2138 πολέμου
532 2051 691 2140 ἐπέρασεν
724 2056 772 2131 εἰς
802 2056 864 2139 τήν
897 2059 1101 2140 Μιτυλήνην
1131 2056 1190 2122 καὶ

141 2133 255 2255 ήῖζὲἱή
273 2135 305 2244 ἔξ
354 2162 460 2225 ἔκτισε
492 2160 532 2224 τδι
565 2162 724 2245 κτίσματα
755 2163 800 2226 ιδ’
832 2163 955 2227 παλαιὰ
987 2162 1051 2229 ὅσα
1083 2164 1190 2249 ὑπάρ-

149 2259 293 2319 Memfim.
350 2283 454 2352 χωσιν
487 2263 553 2330 ἐκεί
584 2263 639 2331 καί
673 2265 843 2333 ἀπέθανεν
879 2265 935 2333 καί
972 2267 1078 2354 ἐτάφη
1112 2270 1192 2336 ἐκεῖ.

114 2391 149 2440 20
168 2372 339 2456 ἐβασίλευε
361 2373 426 2459 γὰρ
453 2373 474 2456 ἡ
501 2373 616 2459 Τρωδις
644 2373 708 2438 ἀπὸ
731 2382 789 2457 τῆς
814 2375 974 2460 Σμύρνης
1000 2374 1056 2440 καὶ
1085 2376 1191 2460 αὐτῆς

167 2488 225 2564 τῆς
243 2479 404 2566 Σμύρνης
417 2487 478 2544 τοῦ
493 2479 646 2563 αἰγιαλοῦ
661 2478 742 2544 ὅλου
758 2477 819 2556 ἕως
833 2479 935 2564 αὐτῆς
953 2491 1011 2565 τής
1030 2481 1193 2568 Τρωάδος

168 2585 225 2652 καί
255 2597 323 2652 τῶν
355 2589 469 2670 νήσων
505 2594 563 2671 τής
594 2588 680 2651 Χίου
716 2593 774 2669 τῆς
805 2588 1002 2670 Μιτυλήνης
1038 2586 1094 2652 καί
1129 2597 1194 2672 τής

125 2685 169 2744 ⁰7¹·
197 2688 315 2774 Μελητου
356 2689 509 2758 Τενέδου.
554 2692 601 2768 εἰς
623 2692 685 2776 τήν
708 2692 886 2777 συμφορὰν
907 2693 1029 2776 ταύτης
1051 2703 1111 2778 τῆς
1127 2697 1194 2760 πό-

125 2759 315 2892 ῗςένήήου,γςοῖήῖ
351 2803 433 2876 λεως
457 2795 558 2864 ούδὶν
581 2796 721 2882 ἐνόησεν
743 2798 844 2875 ἄλλος
866 2797 903 2863 ἐκ
921 2809 989 2865 τῶν
1013 2800 1194 2886 ἀρχόντων

125 2899 251 2961 '³²9⁶“02W
276 2902 317 2985 ’,ἧς
352 2907 383 2971 εἰ
405 2906 448 2990 μή
472 2907 574 2990 μόνος
597 2904 614 2970 6
639 2906 785 2988 Αἰνείας,
809 2904 853 2981 ὡς
877 2901 914 2970 δὲ
932 2904 1193 2989 λέγουσίτινες,

135 2969 310 3098 mira?
352 3011 403 3077 ὅτι
426 3010 550 3077 ἐνοείτο
569 3012 651 3095 μετὰ
669 3021 736 3077 τῶν
755 3008 930 3094 Ἑλλήνων
952 3010 1008 3077 καί
1027 3012 1192 3097 ἐγίνωσκε

107 3111 270 3192 ‘eludamur
296 3115 318 3158 ⁰²
351 3116 408 3184 καὶ
435 3119 496 3203 τήν
529 3115 719 3202 ἐπιβουλήν.
769 3117 857 3202 ὅμως
886 3119 1000 3196 καθὼς
1029 3116 1190 3203 λέγουσιν

116 3183 269 3318 Μηνυῖηξῗ,
288 3197 330 3242 m
353 3226 388 3291 oc
421 3226 572 3301 πλείονες
609 3222 726 3308 ἐνόησε
766 3221 821 3290 καί
858 3227 954 3308 ἔλαβε
995 3227 1056 3292 τὸν
1092 3222 1192 3293 οἰκον

238 3421 254 3470 8
273 3411 566 3486 τεταλαιπωρημένοιλ
694 3414 745 3487 οδ.
765 3413 914 3471 ἀπέθανεν
928 3434 980 3486 pro
995 3413 1130 3490 ἐπέρασεν
1145 3418 1188 3484 V3

168 3480 304 3555 ἐπέρασεν
319 3503 387 3542 corr.
404 3504 437 3541 ex
451 3484 599 3540 ἀπέθανεν
614 3485 678 3540 Vat.
735 3491 768 3539 20
787 3493 836 3556 τῆς
850 3486 964 3556 μύρνης.
979 3489 1013 3544 V.
1066 3496 1099 3546 λθ
1117 3496 1187 3543 ταῦ-

168 3575 218 3618 τας
237 3556 300 3611 Vat.
378 3561 414 3609 24
433 3550 566 3624 ἐννόησεν
586 3555 664 3612 codd.
