2558 4036
446 186 750 252 .-54-

134 350 282 432 ήλθασιν
309 346 373 412 άπὸ
400 354 457 430 τής
480 344 664 432 Ἀρκαδίας
695 347 775 430 μετά
802 352 862 410 τοῦ
890 343 1074 428 Δαρδάνου
1104 345 1156 421 είς

134 455 197 538 τήν
215 450 447 539 Σαμοθρᾴκην
465 450 520 519 καί
543 455 622 537 μετά
640 460 742 517 ταῦτα
761 451 824 517 άπὸ
847 459 904 534 τής
922 447 1157 537 Σαμοθρᾴκης

136 559 290 643 ἀπῆλθον
313 560 392 643 μετὰ
411 567 471 624 τοῦ
492 559 674 644 Δαρδάνου
694 561 740 635 είς
757 559 797 622 τά
816 555 898 643 μέρη
917 564 975 640 τῆς
992 557 1155 641 Τρωάδος

135 663 189 730 καὶ
213 662 376 749 ἐτέθησαν
400 668 447 742 είς
468 666 530 748 τήν
549 665 731 747 Δάρδανον
754 664 815 746 τήν
838 665 938 730 πόλιν
960 663 1004 747 ἣν
1022 665 1155 727 ἔκτισεν

135 771 153 836 ὁ
181 771 360 855 Δάρδανος
387 769 442 836 καὶ
469 771 611 856 ὕστερον
639 772 686 847 είς
712 772 749 836 τὸ
768 769 873 835 Ἴλιον
902 769 982 854 ὅπερ
1011 767 1156 853 λέγομεν

139 877 295 962 Τρωάδα,
324 875 379 942 καὶ
408 876 471 942 άπὸ
495 886 551 962 τῆς
578 876 734 964 Τρωάδος
757 879 804 954 είς
825 879 863 942 τὸ
886 876 1073 942 Λαιούνιον
1096 874 1155 940 καὶ

135 981 199 1048 άπὸ
231 991 292 1047 τοῦ
321 985 511 1048 Λαιουνίου
547 985 593 1060 είς
625 984 686 1066 τήν
715 979 857 1067 Ῥώμην,
894 983 950 1048 ἵνα
982 987 1155 1058 παντελῶς

136 1087 227 1174 δείξη
250 1088 301 1154 ὅτι
318 1086 373 1154 καὶ
396 1090 435 1154 τὸ
458 1088 555 1172 γένος
573 1100 641 1154 τῶν
659 1084 836 1174 Ῥωμάνων
855 1086 948 1172 καλή
967 1090 1078 1165 πίστις
1095 1085 1156 1152 καί

136 1195 171 1260 οί
199 1193 277 1261 θεολ
308 1193 363 1261 καὶ
396 1197 434 1260 αί
460 1199 580 1261 θυσίαι
611 1205 679 1261 τῶν
710 1201 803 1260 θεῶν
824 1194 880 1260 καὶ
908 1195 946 1260 αί
969 1197 1154 1280 συνήθειαι

84 1319 117 1368 10
137 1302 210 1367 ὅλαι
232 1311 290 1386 τῆς
312 1303 478 1378 πολιτείας
497 1297 583 1385 ήσαν
606 1301 726 1387 ἀρχαία
749 1299 803 1368 καὶ
823 1300 978 1385 ἑλληνικά
997 1298 1052 1366 καὶ
1072 1299 1156 1365 άπο-

134 1406 250 1494 τελέσῃ
274 1410 352 1485 τοὺς
371 1406 557 1492 Ῥωμάνονς
579 1410 724 1484 τελείους
742 1405 797 1472 καὶ
815 1409 1018 1484 καθολικοδς
1033 1405 1156 1490 Ἕλλη-

135 1537 196 1590 νας
220 1514 276 1579 διά
297 1515 441 1581 πάντων.
473 1523 571 1579 τοῦτο
595 1514 659 1599 γάρ
683 1513 772 1579 ἐστιν
796 1513 814 1578 δ
837 1513 961 1590 τέλειος
982 1510 1038 1578 καὶ
1062 1523 1153 1598 πρῶ-

135 1643 192 1696 τος
205 1617 260 1684 καὶ
278 1621 458 1696 καθολικὸς
477 1620 581 1696 αὐτοῦ
599 1621 722 1696 σκοπὸς
741 1620 832 1685 δισδιν
851 1626 986 1703 είπομεν
1006 1621 1154 1685 άνωθεν.

136 1726 192 1790 ἵνα
220 1721 282 1791 οὖν
309 1732 448 1811 είπημεν
474 1725 529 1792 καί
556 1723 631 1810 περὶ
659 1727 781 1791 τούτου
812 1728 858 1802 είς
885 1726 1022 1808 πλάτος,
1054 1722 1157 1812 άρχό·

137 1837 225 1915 μεθα
252 1831 316 1897 άπὸ
348 1842 406 1916 τῆς
434 1832 535 1918 ἀρχῆς
561 1841 622 1898 τοῦ
649 1829 796 1916 πολέμου
824 1841 884 1898 τοῦ
917 1832 1062 1918 τρωικοῦ
1090 1831 1157 1908 ἕως

133 1947 194 2022 λτῆς
215 1940 351 2016 κτίσεως
373 1947 431 2023 τῆς
448 1933 573 2023 Ῥώμης
594 1937 650 2004 καὶ
673 1946 730 2022 τῆς
758 1940 939 2023 διηγήσεως
966 1950 1034 2004 τῶν
1058 1940 1156 2004 εἰδώ-

137 2048 206 2109 λων
232 2045 369 2110 τούτων.
415 2042 471 2109 καὶ
498 2048 571 2111 τότε
600 2044 763 2130 μέλλομεν
796 2046 941 2128 στήσεινΙ
961 2048 1020 2112 τὸν
1050 2049 1156 2129 λόγον

82 2161 111 2247 0'3
124 2160 299 2250 περλτήςὰρια·
321 2153 381 2217 τὸν
402 2149 479 2238 περὶ
501 2153 638 2217 τούτων.
684 2151 701 2217 ὁ
721 2145 935 2236 Ἀλέξανδρος
961 2150 979 2216 δ
1003 2151 1112 2239 Πάρις
1137 2153 1157 2218 ὁ

83 2251 131 2351 ζζξο
145 2236 299 2368 Ἧέἔνξὲξζ
321 2258 393 2335 υίὸς
419 2265 480 2323 τοῦ
509 2258 665 2342 Πριάμου
692 2257 843 2342 άπήλθεν
877 2259 924 2335 είς
955 2259 1017 2342 τήν
1048 2262 1158 2324 Πελο-

101 2379 147 2422 υοο
162 2369 272 2439 Πάριδος.
322 2367 472 2447 πόνησον
499 2361 554 2429 καὶ
581 2363 712 2442 ἐδέξατο
740 2364 843 2428 αὐτὸν
867 2363 885 2429 ὁ
908 2362 1085 2442 Μενέλαος
1107 2367 1156 2444 είς

85 2487 118 2535 21
137 2472 197 2536 τὸν
217 2464 311 2536 οἶκον
334 2470 439 2536 αὐτοῦ
461 2468 517 2536 καὶ
545 2468 773 2554 έφιλοξένισεν
800 2470 903 2537 αὐτὸν
926 2471 1036 2553 ὥσπερ
1059 2473 1157 2538 θεόν.

138 2576 239 2654 αὐτὸς
261 2573 298 2641 δὲ
323 2576 469 2662 ἠγάπησε
491 2578 553 2660 τήν
573 2574 709 2658 Ἑλένην
732 2577 795 2659 τήν
813 2587 956 2660 γυναῖκα
974 2577 1081 2644 αὐτοῦ
1100 2576 1156 2642 καλ

138 2683 264 2771 ἥρπασε
288 2683 393 2766 αὐτὴν
416 2681 471 2750 καὶ
495 2686 626 2769 ἔφυγεν.
673 2683 708 2748 οί
720 2680 879 2764 Ἕλληνες
896 2692 981 2767 γοῦν
1005 2685 1049 2768 μή
1073 2684 1157 2750 ὑπο-

138 2788 295 2872 μένοντες
326 2791 387 2872 τήν
424 2787 590 2874 ἐντροπήν
627 2789 737 2854 αὐτῶν
772 2791 897 2874 ταύτην
934 2789 1158 2876 ἐστράτευσαν

140 2895 213 2960 ὅλοι
235 2892 291 2961 καλ
314 2894 468 2978 ἀπῆλθον
491 2892 546 2960 καλ
567 2893 751 2980 ἐπολέμουν
769 2897 830 2979 τήν
853 2896 993 2983 Τρωάδα
1011 2900 1158 2983 χρόνους

140 2998 219 3065 δέκα
250 2998 305 3066 καὶ
338 2997 440 3075 οὐδέν
472 3000 693 3086 ἠδυνήθησαν
721 3003 802 3086 μετὰ
833 3001 981 3086 πολέμου
1013 3003 1070 3067 ἵνα
1099 3004 1158 3069 λά-

130 3135 146 3182 ι,
172 3139 225 3200 “⁶0²
243 3141 282 3196 τῆς
323 3111 429 3191 βωσιν
465 3107 578 3191 αὐτήν.
630 3105 686 3173 καὶ
722 3106 815 3184 τέλος
854 3110 1159 3188 κατασκευάζουσιν

131 3212 229 3268 ασκωῐς
257 3212 382 3280 1βοῦἕνα
410 3214 546 3294 ξύλινον
576 3213 678 3280 ἵππον
706 3212 761 3279 καί
788 3216 971 3298 βάλλουσιν
999 3214 1036 3280 ἐν
1064 3215 1157 3307 αὐτῷ

213 3412 245 3462 17
265 3405 332 3462 πότε
351 3407 469 3477 μέλομεν
489 3408 552 3461 Vnt.
625 3408 690 3462 ante
709 3403 742 3461 o'.
761 3407 849 3462 habet
867 3407 893 3462 V
911 3407 940 3461 in
958 3423 1063 3476 marg.:
1088 3407 1157 3477 περὶ

141 3477 299 3566 τήςθάρρῆς
326 3485 376 3532 τοῦ
398 3485 518 3550 τρωικοῦ
542 3474 664 3546 πολέμου
689 3473 740 3540 ἕως
762 3485 811 3546 τῆς
836 3480 949 3541 κτίσεως
971 3485 1021 3547 τῆς
1040 3476 1156 3548 Ῥώμης.

140 3566 173 3601 ο.
193 3551 305 3617 ελλενης
322 3547 387 3604 Vat.
460 3555 494 3603 25
514 3547 588 3602 δλλοι
607 3548 687 3604 codd.
