2558 4036
572 201 787 266 ..64-

170 371 271 438 νικῶς
298 360 406 445 Μάρς.
452 361 577 452 τούτου.
607 361 671 444 γάρ
703 368 764 426 τοῦ
787 357 914 444 ’Ἀρεως
942 361 1022 436 τοὺς
1054 363 1191 446 βωμοὺς

173 467 228 534 άεί
247 489 326 533 ποτε
349 466 487 533 ἐποίουν
509 467 570 547 ἔξω
593 476 652 551 τῆς
673 468 811 542 πόλεως·
855 464 873 530 6
898 466 962 549 γάρ
985 467 1066 543 θεὸς
1091 462 1194 546 οὗτός

173 573 263 640 ἐστιν
290 573 371 650 θεὸς
397 583 458 639 τοῦ
485 569 632 658 πολέμου
659 559 914 649 καίκακοποιὸς
941 571 1046 657 ἀστὴρ
1076 572 1112 638 ἐν
1141 583 1192 672 τῷ

171 680 317 767 ούρανςῦ.
367 678 548 764 ἐσήμαινον
579 687 664 764 γοῦν
697 674 752 744 καί
790 677 932 762 ἐδηλουν
965 679 1022 743 διά
1057 679 1192 764 τούτου,

171 787 225 852 ὅτι
251 786 313 871 τὴν
340 781 402 871 μὲν
429 788 597 871 φρόνησιν
624 785 696 869 ἥτις
723 793 849 850 νοεῖται
876 783 897 868 ἡ
924 780 1067 868 Ἀθηνᾶ,
1101 785 1194 870 ὀφεί-

174 898 294 959 λουσιν
317 895 404 977 ἔχειν
429 892 463 956 oc
479 892 656 976 άνθρωποι
676 890 768 967 ἐντὸς
786 899 843 976 τῆς
861 893 988 968 πόλεως
1010 927 1048 938 -
1069 891 1090 976 ἡ
1109 895 1194 978 φρό-

172 1013 271 1081 νησις
287 998 351 1085 γάρ
371 997 462 1064 ἐστιν
480 999 500 1082 ἡ
519 1006 691 1082 κοσμοῦσα
709 994 764 1062 καὶ
778 997 966 1082 ὡραίζουσα
978 995 1036 1062 καί
1049 1009 1194 1066 ποιοῦσα

174 1105 425 1189 χρησιμωτάτην
447 1102 502 1168 καί
525 1104 587 1189 τὴν
610 1107 709 1170 πόλιν
727 1099 783 1169 καὶ
801 1103 862 1188 τὴν
881 1106 1052 1170 πολιτείαν
1074 1105 1195 1171 -τὸν

176 1205 212 1276 δὲ
234 1213 381 1296 πόλεμον
403 1207 458 1276 καὶ
481 1211 539 1288 τὰς
561 1209 675 1295 μάχας,
700 1210 823 1287 αἵτινες
847 1211 1029 1294 δηλοῦνται
1053 1211 1109 1276 διὰ
1131 1221 1195 1279 τοῦ

125 1339 156 1389 10
166 1298 301 1402 Ἄρεως,
325 1320 412 1402 ἔχειν
436 1316 496 1396 ἐξω
519 1324 577 1400 της
604 1318 731 1392 πόλεως
758 1313 814 1381 καί
843 1315 904 1381 οὐκ
932 1319 1043 1382 ἐνδον.
1089 1316 1197 1406 ὁγὰρ

174 1424 317 1506 πόλεμος
340 1421 502 1507 συμφέρει
524 1422 608 1506 πρὸς
631 1424 711 1500 τοὺς
733 1420 795 1501 ἔξω
818 1431 877 1507 τῆς
895 1424 1025 1500 πόλεως
1043 1421 1198 1502 καὶτοὺς

175 1527 335 1615 ἐχθρούς,
367 1527 460 1606 ἐντὸς
487 1524 525 1593 δέ
547 1537 605 1612 τῆς
627 1530 754 1605 πόλεως
777 1526 795 1592 6
818 1530 961 1613 πόλεμός
984 1527 1055 1595 ἐστι
1078 1533 1196 1616 φθορά

177 1632 233 1700 καί
255 1634 433 1713 κατάλυσις
455 1632 509 1700 καί
528 1633 699 1720 ἀνατροπὴ
723 1633 786 1699 ἀπὸ
805 1637 973 1718 θεμελίων
992 1635 1102 1719 αὐτῆς.
1139 1635 1196 1702 καὶ

174 1743 211 1806 τί
230 1742 293 1827 γάρ
318 1741 400 1807 άλλο
428 1749 518 1806 ποιεί
545 1740 563 1806 6
593 1739 688 1817 ἐντὸς
712 1748 770 1824 τῆς
796 1742 924 1818 πόλεως
950 1739 1007 1806 καὶ
1035 1741 1199 1827 ἐμφύλιος
1270 1725 1271 1776 {

177 1850 319 1932 πόλεμος
342 1849 374 1912 εί
394 1847 438 1932 μὴ
458 1854 571 1925 τοῦτο;
598 1845 711 1931 ἐπειδὴ
731 1842 768 1910 δὲ
786 1847 910 1911 ἔδωκεν
928 1847 949 1930 ἡ
965 1844 1095 1932 Ἀθηνᾶ
1111 1850 1197 1934 πρὸς

177 1957 239 2039 τὴν
272 1954 411 2038 Χρύσην
444 1956 523 2031 τοὺς
553 1954 657 2030 θεοὺς
691 1951 839 2029 ἐκείνους
873 1949 928 2018 καὶ
960 1954 1001 2018 τὰ
1032 1955 1201 2021 παλλάδια

178 2058 232 2124 καὶ
256 2058 407 2139 ἐδίδαξεν
430 2058 535 2144 αὐτὴν
558 2060 616 2136 τὰς
636 2060 761 2136 θυσίας
783 2055 838 2124 καί
863 2059 921 2137 τὰς
948 2061 1045 2144 τιμάς
1072 2061 1197 2145 αὐτῶν,

179 2166 400 2250 παρήγγειλεν
434 2164 517 2250 αὐτῇ
549 2166 607 2229 ἵνα
640 2168 697 2252 ἐχη
729 2174 832 2230 ταῦτα
864 2167 1007 2250 μυστικά
1033 2165 1090 2232 καὶ
1116 2166 1200 2234 ἀπό·
1269 2143 1270 2174 ἐ

179 2295 292 2357 κρυφα
318 2270 374 2336 καί
402 2274 445 2357 μὴ
474 2278 549 2358 είπη
577 2271 598 2356 ἢ
628 2271 798 2358 ἐξαγγείλῃ
830 2280 933 2337 ταῦτα
967 2273 1015 2349 είς
1043 2273 1200 2350 πολλούς.

122 2399 160 2448 20
180 2377 313 2462 ἐποίησε
343 2375 380 2443 δέ
409 2387 508 2445 τοῦτο
544 2379 600 2444 ἵνα
631 2377 805 2463 ὑπάρχωσι
836 2381 928 2463 τίμια
962 2375 1019 2443 καὶ
1050 2378 1204 2464 ἀγαπητά

179 2481 235 2550 καὶ
267 2485 302 2550 οί
328 2481 405 2550 θεοὶ
436 2483 560 2549 ἐκείνοι
590 2480 646 2548 καὶ
678 2485 716 2549 ac
743 2487 863 2549 θυσίαι
898 2483 1019 2549 αὐτῶν.
1065 2487 1104 2552 τὸ
1137 2488 1203 2572 γάρ
1268 2533 1269 2536 ¹

179 2588 407 2677 κεκρυμμένον
434 2588 490 2656 καί
517 2591 644 2675 άδηλον
671 2587 726 2655 καὶ
749 2589 939 2676 ἀπόρρητον
970 2590 1123 2674 ἀγαπῶσι
1147 2591 1203 2658 καὶ

180 2701 297 2782 ζητῶσι
333 2695 389 2763 καὶ
425 2696 629 2780 ἐπιθυμοῦσι
666 2694 722 2761 καί
757 2695 954 2782 θαυμάζωσι
990 2692 1045 2761 καί
1082 2709 1205 2782 τιμῶσι

178 2803 298 2881 πάντες
321 2805 357 2869 oc
377 2804 567 2889 άνθρωποι,
594 2805 632 2868 τὸ
658 2799 695 2868 δὲ
718 2804 868 2888 φανερὸν
896 2798 952 2868 καί
981 2803 1123 2870 ε’ύκολον
1147 2800 1206 2870 καὶ
1267 2823 1268 2836 ’

182 2908 315 2993 ἕτοιμον
339 2908 416 2974 οὔτε
439 2907 665 2992 ἐπιθυμοῦσιν
693 2907 769 2972 οῦτε
796 2907 1032 2992 θαυμάζουσιν
1055 2910 1133 2976 οὔτε
1156 2934 1205 2976 τι-

183 3025 301 3101 μῶσιν,
316 3013 399 3080 ἀλλὰ
416 3018 544 3098 μᾶλλον
562 3022 834 3100 καταφρονοῦσιν
852 3013 967 3080 αὐτοῦ.
1005 3010 1099 3100 εἶχον
1116 3025 1207 3100 γοῦν

179 3130 283 3188 ταῦτα
305 3122 326 3205 ἥ
348 3143 383 3186 τε
407 3121 524 3207 Χρύση
547 3118 602 3186 καί
625 3121 644 3186 ὁ
667 3121 841 3207 Δάρδανος
868 3122 915 3198 είς
939 3120 1001 3205 τὴν
1021 3117 1206 3208 Ἀρκαδίαν
1266 3171 1267 3206 3

181 3226 235 3294 καὶ
273 3226 411 3293 ἐποίουν
450 3228 564 3304 καθὼς
604 3229 824 3311 παρήγγειλεν
861 3227 975 3304 αὐτοῦς
1011 3226 1033 3310 ἡ
1067 3225 1208 3314 Ἀθηνᾶ.
1266 3213 1267 3252 ¹

182 3330 356 3418 ἐπειδὴδὲ
382 3331 512 3417 ἐγένετο
543 3332 561 3398 6
589 3333 818 3417 κατακλυσμὸς
850 3334 897 3409 είς
924 3333 986 3418 τὴν
1012 3330 1207 3420 Ἀρκαδίαν

252 3489 437 3545 4διατούτου
456 3489 536 3545 codd.
641 3495 773 3559 δνοῆται
788 3489 869 3546 codd.
963 3497 996 3546 16
1015 3497 1122 3562 γρησην
1140 3492 1208 3550 vat.
1265 3449 1266 3510 Ξ

183 3564 217 3614 25
238 3557 354 3628 ἓτοιμων
375 3561 436 3615 Vat.
