2546 4042
551 225 608 266 -,
638 198 705 251 vm
755 226 789 240 ψ

161 345 316 412 habuisse
348 367 507 433 agrosque
539 346 731 432 possedisse.
779 345 830 412 Ibi
863 346 949 412 enim
979 347 1014 411 in
1040 369 1179 414 numero

165 475 275 522 eorum
307 455 362 540 qni
395 448 655 538 subscripserunt
686 454 840 540 leguntur
874 454 1008 519 nomina
1041 455 1180 534 Δούκας

164 561 401 645 Καναβούτζης
432 567 492 625 τοῦ
527 559 803 642 Μακαριτοιώτου
836 562 869 625 91
896 559 1033 638 Aeduus·
1063 563 1178 627 Κανα-

163 667 303 751 βούτζης
320 676 381 733 τοῦ
399 670 598 750 Menoeceos
616 676 679 750 κῦρ
696 667 888 733 Marouion.
915 665 1047 733 Petrum
1066 672 1177 734 autem

164 771 384 840 Oanabutnam
399 776 455 859 qui
469 775 610 840 codicem
626 775 830 841 11-4-91
847 774 1065 840 bibliothecae
1073 774 1177 840 Esou·

162 880 313 946 rialensis
337 881 468 966 scripsit
490 878 620 946 exeunti
643 880 772 946 saeculo
794 879 873 946 XIV
895 882 947 946 vel
965 882 1090 946 ineunti
1112 880 1176 946 XV

163 987 409 1052 adnumeratum
418 984 460 1074 1),
482 987 617 1053 fratrem
639 987 692 1053 vel
715 988 944 1053 consobrinum
969 986 1175 1054 Oanabutnae
1270 1075 1271 1082 ¹

162 1094 267 1159 nostri
291 1093 390 1158 fuisse
414 1093 571 1178 suspicari
594 1095 680 1160 licet.

250 1199 351 1264 Paulo
380 1198 543 1265 difficilior
570 1200 718 1286 quaestio
746 1203 796 1265 est
822 1199 861 1264 de
892 1204 999 1266 aetate
1022 1201 1174 1268 auctoris.

163 1303 211 1370 ho
233 1305 340 1370 verbis
364 1307 493 1390 quidem
522 1327 604 1390 quae
634 1305 746 1372 scribit
767 1329 798 1391 p.
820 1305 876 1390 13,
902 1307 993 1371 mille
1021 1313 1054 1374 et
1083 1309 1175 1392 quin·

161 1412 268 1497 gentis
301 1412 394 1491 annis
429 1417 505 1499 post
531 1410 726 1496 Dionysium
754 1411 1059 1479 Halicarnasensem
1088 1415 1175 1498 prin-

161 1519 265 1603 cipem
294 1519 370 1603 quid
400 1519 455 1585 1119
483 1518 569 1585 dicat
596 1517 707 1583 audire
735 1518 830 1603 velle,
857 1519 997 1602 itemque
1020 1542 1052 1605 p.
1072 1523 1125 1608 17,
1144 1523 1174 1607 5,

160 1625 338 1691 Turoorum
367 1629 497 1710 gentem
525 1626 659 1710 impiam
685 1647 794 1690 rerum
820 1628 961 1712 potitam
987 1648 1056 1694 esse
1081 1626 1174 1694 Ohri·

157 1733 346 1817 stianosque
384 1734 602 1818 oppressisse,
638 1734 783 1799 ducimur
819 1735 854 1798 in
892 1735 1056 1800 saeculum
1092 1734 1173 1801 XIV

160 1838 211 1903 vel
234 1835 304 1905 XV.
350 1839 538 1924 Eademque
570 1839 709 1905 efficitur
738 1843 846 1926 99199,
873 1841 900 1905 91
930 1840 1091 1907 1911999111
1115 1841 1173 1906 119-

160 1944 274 2009 bemus
297 1943 360 2010 loci
383 1945 517 2028 30,10‚
544 1945 601 2010 ubi
625 1945 733 2029 Argos
757 1950 835 2012 tuno
858 1945 919 2011 sub
946 1946 1085 2031 imperio
1109 1947 1173 2012 Ve-

158 2049 363 2116 netianorum
377 2049 478 2116 fuisse
496 2051 584 2116 dicit.
621 2050 666 2116 At
686 2051 863 2117 accuratior
882 2051 1061 2136 disputatio
1077 2053 1173 2120 artis-

35 2206 38 2214 .
159 2156 240 2221 sime
264 2157 417 2221 cohaeret
439 2179 511 2223 cum
531 2157 678 2242 principe
697 2158 754 2223 illo
773 2157 858 2223 Aeni
881 2161 914 2224 et
934 2155 1173 2245 Samothraces,

160 2263 200 2327 ad
224 2284 319 2348 quem
343 2263 400 2327 ille
422 2263 570 2329 libellum
593 2286 688 2329 suum
711 2265 850 2349 scripsit.

247 2368 358 2434 Aenus
381 2371 458 2435 urbs
482 2371 607 2436 celebre
631 2373 664 2436 91
690 2370 839 2454 frequens
863 2373 1044 2457 emporium
1066 2375 1172 2441 nobili

157 2475 407 2542 Gattilusiorum
430 2479 519 2561 genti
543 2477 707 2543 Genuensi
730 2478 771 2544 ab
795 2479 992 2565 imperatore
1009 2469 1171 2548 Michaele

157 2581 239 2647 VIII
261 2581 457 2668 Palaeologo
481 2585 673 2650 ann01261
698 2584 828 2650 feudum
854 2585 964 2651 datum
988 2585 1078 2672 esti)
1124 2589 1172 2654 At

156 2689 316 2755 terminus
340 2712 442 2775 aquo
466 2691 648 2775 promoveri
671 2695 789 2776 potest.
834 2691 919 2758 Nam
943 2695 979 2758 in
1001 2696 1170 2778 prooemio

157 2793 358 2861 Ganabutzes
387 2803 617 2862 commemorat
647 2797 782 2863 11911991
812 2796 1052 2888 (αὐτάδελφον)
1079 2801 1170 2868 111199

156 2902 321 2986 principis,
345 2901 511 2969 dominum
529 2903 707 2988 Mitylenes
725 2905 777 2970 vel
795 2904 893 2971 Lesbi
911 2907 1047 2988 insulae.
1078 2908 1170 2976 Haeo

157 3011 266 3073 autem
290 3008 398 3072 insula
420 3031 486 3075 non
505 3013 580 3074 ante
605 3033 721 3075 annum
744 3013 829 3078 1355
852 3013 887 3077 in
907 3012 1051 3080 familiae
1078 3015 1170 3082 illius

155 3116 360 3198 possessione
388 3118 475 3198 9191,
506 3137 569 3201 quo
602 3139 687 3183 anno
717 3117 856 3185 Ioannes
883 3119 923 3186 V.
950 3119 1170 3208 Palaeologus

155 3241 226 3285 eam
245 3220 377 3288 dederat
403 3220 577 3289 Francisco
606 3222 796 3310 Gattilusio,
824 3226 879 3312 qui
912 3248 985 3292 eum
1012 3227 1046 3293 in
1079 3229 1170 3295 bello

153 3347 367 3356 ——--——-.

227 3415 253 3480 1)
273 3413 377 3480 Miller,
400 3416 455 3471 cat.
479 3413 528 3470 des
551 3432 617 3471 mss.
644 3431 724 3486 grece
750 3417 785 3471 de
812 3418 841 3472 19
862 3417 931 3474 bibl.
960 3419 995 3475 de
1017 3419 1171 3477 l'Escurial

153 3498 180 3551 p.
195 3487 255 3539 449.
294 3481 497 3554 Gardthausen,
515 3486 620 3555 griech.
639 3487 862 3558 Palaeographie
880 3507 907 3558 p.
922 3496 983 3546 366.

225 3555 253 3623 2)
273 3553 477 3625 Friedlaender,
496 3554 627 3628 Beitrtge
646 3575 694 3612 991
713 3557 821 3614 11191911
839 3559 1017 3618 Mfinnkunde
1031 3580 1058 3632 p.
1074 3569 1116 3618 30.
