2558 4036
450 189 667 308 ..59-

59 405 224 487 άνθρωποι
254 403 382 484 ἔθηκαν
411 403 458 478 εἰς
485 402 546 485 τὴν
573 410 637 486 γῆν
664 393 890 487 πρασίζουσαν
917 399 982 466 άπδ
1009 407 1068 484 τῆς

60 511 148 593 χλόης
179 508 339 592 βρώματα
371 508 427 572 ἵνα
458 508 620 592 φάγωσιν.
673 507 823 593 ὑπῆρχον
856 502 893 571 δέ
926 507 973 583 εἰς
1004 507 1068 590 τὴν

61 619 152 699 χλόην
176 613 308 697 ἐκείνην
332 611 386 679 καὶ
410 612 541 696 σέληνα.
575 611 633 696 ἀφ’
661 608 702 678 οὗ
726 608 789 678 οὖν
812 615 952 697 ἔφαγον,
977 611 1068 677 ἐστο-

60 721 170 806 χάσατο
199 713 247 797 εἷς
274 720 307 800 ἐξ
331 720 469 785 ἐκείνων
497 719 573 804 ἐκεῖ,
597 723 683 784 ἔνθα
706 719 849 802 ἐκάθητο
874 717 929 783 καλ
952 720 1066 803 ἔφαγε,

60 826 191 912 σέληνον
213 824 270 892 καλ
292 825 484 903 ἀνασπάσας
503 828 613 909 ἔφαγε.
651 823 706 891 καλ
726 826 809 890 ἰδὼν
828 833 949 890 τοῦτον
968 826 1068 902 άλλος

60 937 191 1017 πλησίον
218 933 324 998 αὐτοῦ
355 935 544 1016 καθήμενος
572 932 728 1016 ἐποίησεν
758 931 880 1016 ὁμοίως
903 929 963 1010 καί
993 935 1063 1016 μετ’

61 1039 179 1106 ἐκείνου
210 1041 311 1115 άλλος
342 1036 397 1104 καί
426 1038 568 1122 καθεξῆς
601 1039 744 1116 ἅπαντες
775 1036 838 1115 ἔως
871 1034 911 1104 οὗ
939 1041 1068 1124 ἔφαγον

60 1147 176 1212 άταντα
197 1146 238 1210 τά
262 1143 385 1228 σέληνα
408 1145 448 1208 τά
470 1144 626 1209 ὑποκάτω
648 1153 716 1208 τῶν
739 1143 924 1229 βρωμάτων
948 1144 1067 1226 αὐτῶν,

60 1252 98 1329 ώς
123 1247 182 1318 οὖν
211 1246 301 1317 εἰδεν
329 1250 347 1316 6
375 1252 511 1327 Αἰνείας
543 1251 580 1315 τὸ
614 1259 749 1335 πρᾶγμα
780 1259 894 1333 τοῦτο,
928 1248 1067 1333 ἐνόησεν

59 1360 110 1423 τὸν
136 1367 218 1425 νοῦν
247 1355 302 1422 καὶ
330 1357 391 1440 τὴν
421 1357 574 1422 διάνοιαν
600 1365 662 1422 τοῦ
688 1365 857 1442 χρησμοῦ,
887 1357 938 1422 ότι
967 1351 1065 1434 οὗτός
1084 1372 1120 1420 10

60 1464 140 1529 ἔστιν
172 1464 190 1530 6
226 1466 326 1540 τόπος
359 1465 444 1528 ἔνθα
477 1460 568 1528 ἔστλν
605 1462 743 1548 ὁρισμὸς
778 1472 846 1527 τῶν
882 1468 974 1527 θεῶν
1011 1461 1067 1527 ἵνα

59 1575 242 1655 κατοικύσω.
292 1567 347 1634 καλ
379 1568 491 1652 ἐπειδὴ
528 1572 640 1653 ἔλεγεν
674 1570 691 1636 δ
724 1570 955 1655 χρησμός,
931 1597 1095 1684 ,ίξςςςςρι

60 1677 104 1740 ότι
133 1679 212 1743 όταν
244 1673 347 1761 μέλλη
374 1677 483 1740 κτίσαι
509 1676 571 1759 τὴν
604 1676 752 1741 πόλιν”
737 1699 792 1741 ινα
824 1679 882 1760 ἔχη
904 1685 935 1728 1⁰
937 1615 987 1756 6⁰¹³
1002 1667 1094 1756 ἥῦςέπί
1095 1684 1121 1713 ⁸

59 1782 176 1867 ὁδηγὸν
202 1790 263 1848 τοῦ
290 1784 395 1847 τόπον
423 1781 645 1866 τετράποδον,
672 1783 789 1867 ἠπόρει
813 1791 944 1857 πῶςς
904 1739 984 1801 '‘5⁶²⁰‘'
931 1807 1003 1854 ςςςς
986 1737 1119 1855 πάλςλον

59 1889 159 2018 μέλλει
187 1896 331 1971 ποιῆσαι.
378 1887 467 1971 ὅμως
494 1887 654 1970 λαμβάνει
678 1898 794 1973 χοῖρον
821 1884 881 1953 ἔνα
915 1882 966 1926 ¹¹²⁹
967 1826 1108 1967 “¹²{6622

59 1996 108 2060 ἵνα
128 1998 250 2080 ποιηση
273 1997 400 2059 θυσίαν
422 2003 493 2070 τοῖς
509 2000 612 2070 θεοῖς.
659 1996 752 2078 ἔτυχε
771 1989 849 2058 δδ“
831 2017 882 2058 οτι
904 1955 1022 2069 λλςλς,
995 1949 1036 2010 ²³⁷³
1024 1949 1122 2087 ,λλλν

60 2103 174 2189 ὑπηρχε
205 2103 326 2184 θήλεια
357 2098 412 2165 καλ
441 2103 559 2184 ἔγκυος
586 2101 623 2164 τὸ
653 2103 737 2178 ζῶον
767 2100 882 2165 ἐκεῖνο.
979 2093 1044 2152 σμό·

60 2208 98 2285 ὡς
118 2217 201 2293 γοῦν
225 2206 411 2292 ἔδέσμησαν
437 2205 558 2272 αῦτὸ“
543 2231 598 2272 ινα
620 2207 826 2322 θνσιάσωσι,
853 2208 935 2272 κατά
962 2207 1067 2291 τύχην

60 2317 126 2379 τινὰ
157 2315 332 2397 διαφεύγει
364 2313 400 2378 ἐκ
433 2322 501 2377 τῶν
532 2323 654 2398 χειρῶν
691 2324 757 2379 τών
790 2313 980 2395 ἀνθρώπων
1011 2311 1067 2378 καί

60 2421 168 2502 φεύγει
191 2418 303 2485 άνω’
285 2420 349 2484 απὸ
372 2428 433 2485 τοῦ
456 2419 618 2501 αἰγιαλοῦ.
665 2415 905 2496 ὁδλΑἰΑἰνείας
928 2419 1067 2503 ἐνόησεν
1085 2437 1120 2485 20

60 2523 108 2590 καί
133 2525 281 2591 ἐνταῦθα
308 2534 369 2590 τοῦ
396 2533 547 2611 χρησμοῦ
578 2525 616 2588 τὸ
648 2521 750 2609 πέρας
780 2521 835 2588 καὶ
863 2525 1027 2610 ώρισεν”
1012 2550 1067 2590 ινα

61 2632 99 2714 μη
126 2633 226 2717 διώξη
253 2654 302 2708 τις
330 2633 366 2696 τὸ
401 2630 549 2714 ζώον,”
534 2655 589 2696 ινα
620 2631 664 2715 μὴ
693 2629 889 2716 ἀναγκασθῇ
917 2629 982 2696 άπὸ
1009 2640 1067 2715 τῆς

62 2737 194 2816 διώξεως
213 2735 267 2803 καλ
287 2736 416 2823 άπέλθη
440 2737 586 2823 άλλαχοῦ
609 2739 698 2822 παρδι
716 2737 777 2820 τὴν
796 2737 934 2821 γνώμην
953 2736 1066 2804 αὐτοῦ.

62 2843 152 2921 αὐτὸς
170 2841 207 2910 δὲ
226 2844 408 2927 ἠκολούθει
426 2841 481 2908 καί
501 2843 545 2920 ὡς
564 2842 693 2927 άπῆλθε
712 2845 787 2929 τρία
806 2845 899 2927 μίλια
917 2844 987 2909 άνω
1006 2852 1066 2909 τοῦ

62 2951 206 3033 αἰγιαλοῦ
227 2951 266 3014 τὸ
296 2954 396 3034 ζῶον,
426 2950 680 3037 ἐταλαιπωρήθη
710 2951 857 3017 ἀπὸτοῦ
883 2953 989 3016 κότου
1012 2947 1068 3017 καὶ

62 3054 196 3143 ἔκάθησε
228 3054 283 3122 καλ
316 3055 385 3121 ἐκεί
418 3065 523 3143 γεννᾷ
557 3056 733 3139 τριάκοντα
769 3057 885 3122 παιδία
922 3060 1091 3143 χοίρους.Ι

61 3165 126 3228 τότε
155 3161 314 3246 κατέλαβε
345 3164 469 3247 κυρίως
501 3162 518 3228 δ
547 3164 683 3239 Αἰνείας
715 3161 766 3227 ὅτι
798 3165 894 3246 ἔλαβε
925 3162 1019 3240 τέλος
1048 3163 1066 3228 6

62 3272 205 3355 χρησμός.
243 3271 334 3352 ἔλεγε
354 3270 417 3354 γάρ
437 3266 608 3334 καὶτοῦτο
628 3267 646 3333 6
665 3270 811 3352 χρησμὸς
830 3268 880 3333 ότι
899 3269 937 3334 τδ
955 3269 1067 3354 τετρά.

124 3463 305 3533 λστρώματα
322 3461 356 3515 V.
429 3460 476 3526 οξ.
496 3459 567 3516 δΑἰ
554 3459 643 3523 ἰνείας
661 3463 732 3548 post
743 3457 877 3515 ⁷6qu
951 3460 1067 3529 χρισμδν

61 3529 117 3587 Vat.
209 3540 241 3588 13
261 3531 306 3588 ὅτε
325 3549 376 3600 pro
395 3531 464 3587 όταν
481 3531 515 3586 V.
590 3537 622 3587 15
641 3528 768 3602 λαμβάνη
789 3530 869 3586 codd
947 3537 982 3584 24
1000 3531 1069 3600 ἠκο-

62 3603 143 3674 λούθη
162 3604 242 3662 codd.
316 3609 350 3658 25
370 3599 658 3673 ἔταλαιπορήθηλ
601 3603 664 3657 Vat.
