2558 4036
611 163 830 228 -62-

211 333 362 410 τρωικῶν
391 333 459 390 τῶν
487 319 724 409 κεκρυμμένων
753 316 848 387 εἶδον
874 319 930 386 καὶ
960 321 1026 404 ἐγὼ
1053 321 1110 387 καὶ
1136 325 1223 388 ἄλλοι

211 427 328 496 πολλοὶ
361 431 409 508 είς
443 432 522 507 τοὺς
557 431 721 505 παλαιοὺς
753 426 811 493 καλ
842 427 1005 514 ἀρχαίους
1041 432 1144 507 ναοὺς
1173 441 1223 514 της

206 531 338 621 Ῥώμης.
383 534 439 602 καὶ
462 537 509 613 είς
532 536 632 612 ὅλους
655 533 741 600 είσὶν
764 536 812 612 είς
829 543 940 620 σχῆμα
959 536 1023 600 δύο
1047 539 1222 602 νεανίσκων

211 641 317 726 ήγουν
340 653 407 709 τῶν
436 643 609 719 ἰδιωτικῶς
636 639 828 726 λεγομένων
855 645 1066 725 παλικαρίων
1093 642 1222 728 ἐσχημα-

212 747 361 833 τισμένοι
392 749 501 834 ὅσπερ
535 759 740 833 στρατιῶται.
790 745 847 812 καὶ
879 748 963 832 ὅπερ
1001 745 1066 832 μὲν
1101 751 1222 834 είδομεν
1274 796 1275 803 ι

159 920 200 966 M,
222 932 256 966 w
274 919 288 964 ό
311 921 372 965 lm·
394 852 459 921 εἰσὶ
482 864 597 921 ταῦτα·
620 856 657 920 τὸ
682 853 718 920 δὲ
742 854 886 939 γράφειν
908 851 996 939 ὑπὲρ
1014 856 1126 921 αὐτῶν
1145 857 1222 920 [σω.

159 987 372 1054 qaxbclcamaaeqa-
394 963 471 1047 ρίαν
500 959 521 1045 ή
544 961 680 1026 ἀκούειν
703 962 807 1026 άλλου
835 959 996 1045 λέγοντος
1022 961 1101 1048 περὶ
1122 963 1222 1028 αὐτῶν

187 1073 226 1114 '⁰⁶
244 1059 346 1178 'Q'
396 1063 498 1133 οὐδέν
535 1067 725 1152 δυνάμεθα,
763 1066 846 1132 ἀλλά
878 1067 1064 1152 ὀφείλομεν
1100 1069 1222 1135 ἀκούειν

159 1145 377 1268 ισζέὅδὸίᾝίης
398 1172 454 1240 καὶ
486 1172 628 1261 γράφειν
659 1168 743 1256 ὑπὲρ
775 1183 843 1238 τῶν
878 1180 973 1239 θεῶν
1005 1177 1135 1240 τούτων
1164 1187 1224 1240 τῶν
1274 1192 1276 1209 ³

186 1272 347 1360 Σαμῗθλθὸ
395 1290 544 1364 τρωικῶν
559 1280 656 1344 ὅτινα
673 1280 796 1366 γράφει
810 1279 829 1345 6
844 1282 1127 1365 Καλλίστρατοςὸ
1147 1283 1223 1348 ἱστο-

227 1359 303 1403 mov.
396 1388 498 1472 ρικός,
522 1386 612 1462 ὅστις
630 1388 775 1471 ἔγραψεν
799 1387 891 1451 ίδίαν
909 1385 966 1452 καλ
985 1387 1223 1474 κεχωρισμένην

164 1510 196 1558 12
218 1492 367 1573 ἱστορίαν
386 1491 462 1578 περὶ
482 1501 539 1576 τής
557 1494 665 1577 νήσου
683 1501 742 1577 τῆς
760 1490 991 1580 Σαμοθρᾴκης
1009 1499 1125 1579 μόνης,
1147 1497 1224 1560 ἔνθα

216 1600 377 1683 διηγεῖται
409 1597 464 1664 καὶ
495 1596 572 1684 περὶ
603 1609 670 1664 τῶν
701 1604 794 1664 θεῶν
824 1600 964 1665 τούτων.
1017 1601 1083 1667 άπὸ
1113 1604 1224 1683 ταύτης

214 1707 278 1791 γὰρ
297 1715 354 1791 τῆς
372 1708 480 1789 νήσου
494 1705 682 1789 έξήλθοσαν
701 1703 756 1770 καὶ
770 1705 926 1789 άπήλθον
944 1708 992 1784 είς
1013 1708 1077 1791 τήν
1095 1709 1225 1794 Τρωάδα

214 1811 269 1879 καὶ
293 1814 340 1891 είς
362 1814 487 1897 ταύτην
513 1815 574 1898 τήν
601 1820 708 1896 νήσου
735 1807 845 1895 ήλθον
873 1813 937 1878 άπὸ
965 1822 1026 1897 τῆς
1048 1812 1224 1902 Ἀρκαδίας.

215 1919 338 2004 ὁμοίως
359 1917 415 1984 καὶ
440 1919 501 1984 ὅσα
525 1918 613 2003 λέγει
636 1917 654 1984 6
677 1919 845 2002 Σάτυρος,
873 1920 964 1996 ὅστις
986 1924 1155 2005 συνήγαγε
1176 1917 1224 1984 καὶ

216 2023 382 2108 συνέθηκε
405 2023 460 2091 καὶ
484 2028 628 2110 ἔγραψεν
657 2027 704 2101 είς
731 2029 864 2110 βιβλίον
888 2027 925 2091 ἓν
948 2027 1052 2104 ὅλους
1074 2029 1150 2104 τοὺς
1171 2049 1225 2091 πα-

216 2133 331 2209 λαιοὺς
359 2131 491 2216 μύθους
522 2125 783 2216 τῶνἙλλήνων
813 2133 934 2209 οἵτινες
966 2128 1055 2216 ἦσαν
1087 2136 1226 2218 διεσκορ-
1277 2168 1278 2185 2

216 2235 370 2320 πισμένοι
393 2235 448 2303 καὶ
471 2238 625 2307 ἄτακτοι.
659 2235 747 2321 λέγει
770 2239 834 2323 γάρ
857 2236 912 2303 καὶ
936 2238 1065 2317 ἐκεῖνος
1088 2242 1132 2316 είς
1153 2242 1227 2314 τοὺς

163 2363 198 2411 20
217 2344 348 2428 μύθους
380 2344 528 2423 ἐκείνους
563 2341 639 2430 περὶ
672 2353 740 2410 τῶν
776 2350 869 2410 θεῶν
900 2346 1048 2429 τούτων,
1085 2343 1139 2411 καὶ
1170 2345 1227 2410 ὅσα

217 2446 328 2534 εἶπον,
360 2453 455 2518 ἄλλοι
481 2450 599 2519 πολλοὶ
628 2450 790 2535 ίστορικολ
817 2449 873 2516 καὶ
900 2453 1130 2537 χρονογράφοι
1156 2449 1226 2534 περὶ
1278 2496 1279 2505 1

216 2557 328 2623 αὐτῶν
344 2557 400 2624 καὶ
418 2559 558 2644 μάλιστα
577 2559 595 2625 6
614 2562 832 2635 παλαιότατος
849 2558 985 2624 πάντων
1003 2570 1074 2625 τῶν
1086 2568 1226 2642 ποιητῶν
1278 2594 1279 2609 ι

217 2665 317 2743 ὅσους
349 2668 501 2750 γινώσκω
534 2667 598 2750 έγὼ
636 2665 654 2731 6
683 2662 859 2753 Ἀρκτῖνος.
912 2662 1049 2748 λέγουσι
1085 2673 1167 2749 γοῦν
1197 2663 1229 2727 οί
1278 2732 1279 2739 ¹

217 2772 312 2838 ἄλλοι
344 2774 431 2856 πλὴν
462 2782 522 2838 τοῦ
550 2770 739 2857 Ἀρκτίνου,
772 2772 822 2837 ὅτι
855 2771 873 2837 6
901 2771 1083 2856 Δάρδανος
1115 2771 1131 2837 6
1159 2771 1228 2846 υίὸς

216 2887 277 2943 τοῦ
305 2881 404 2962 Διός,
433 2880 549 2945 ὅντινα
582 2877 761 2963 ἐγέννησεν
794 2877 856 2942 ἀπὸ
889 2886 947 2961 τῆς
971 2871 1147 2964 Ἠλέκτρας
1173 2885 1228 2958 τῆς

216 2987 386 3071 θυγατρὸς
415 2997 476 3053 τοῦ
498 2984 678 3062 ’Ἄτλαντος
713 2985 757 3062 ὡς
788 2985 1007 3069 προείπομεν,
1041 2986 1136 3067 ἔλαβε
1168 2984 1228 3066 τήν
1278 3058 1279 3061 ¹

176 3120 227 3182 πμ,
248 3123 301 3183 ⁷¹⁸6
319 3125 365 3168 mv
401 3095 540 3180 Χρύσην
571 3094 633 3177 τήν
666 3088 837 3176 θυγατέρα
868 3099 928 3157 τοῦ
961 3091 1165 3166 Πάλλαντος.
1207 3088 1227 3169 ἡ

175 3194 241 3238 θεῶν
257 3193 297 3240 “⁶²²
318 3197 363 3240 ’ὧν
400 3194 463 3268 ούν
486 3200 639 3285 θυγάτηρ
658 3207 718 3263 τοῦ
733 3199 817 3274 Διὸς
835 3196 856 3279 ή
872 3194 998 3279 Ἀθηνᾶ
1017 3196 1037 3279 ή
1059 3200 1227 3270 λατιυιιιῶς

163 3263 377 3396 ωδῗίέίδίὸίεηῗε
400 3308 561 3397 λεγομένη
584 3303 741 3392 Μινέρβη
765 3304 955 3389 ἐδωρήσατο
979 3303 1090 3389 ὅσπερ
1110 3301 1227 3387 προῖκά
1278 3336 1279 3343 1

290 3471 306 3520 ὅ
326 3467 424 3539 λ’δομεν
444 3469 523 3525 οοδδ.
598 3470 632 3519 10
651 3464 681 3515 eh
697 3461 756 3516 πα’.
775 3463 953 3522 καλλίστατος
967 3459 1047 3514 codd.
1127 3463 1160 3512 16
1180 3455 1228 3510 σά-

219 3555 302 3608 ῑηθθσ
320 3539 353 3596 V·
426 3547 461 3597 2⁷
479 3537 619 3599 πάλαντος
637 3531 718 3587 codd.
