2546 4042
560 257 775 311 ...Ἦ-

160 405 285 490 etipse
308 403 391 472 Chio
415 413 461 472 ex'
477 405 585 472 insula
609 407 763 472 oriundus
787 407 907 473 librum
929 408 1099 494 popularis
1123 413 1177 477 sui

158 511 347 599 possidebat
370 516 403 580 et
426 513 518 578 edere
541 513 682 579 volebat.
727 511 826 580 Ouius
846 516 1010 600 exemplar
1031 515 1175 584 fueritne

158 642 241 686 unus
265 643 304 686 ex
331 620 496 687 codicibus
524 618 579 705 qui
605 641 693 701 nunc
716 623 844 697 exstant
870 621 939 686 erui
965 622 1020 687 vix
1042 615 1175 707 poterit.

159 724 276 792 Codice
308 725 457 792 Parisino
492 725 577 792 1746
609 725 799 812 Ducangius
836 749 912 793 usus
945 731 1014 814 est,
1051 729 1108 815 qui
1140 731 1175 796 in

158 831 317 918 glossario
345 831 386 897 ad
410 832 584 917 scriptores
607 831 733 897 mediae
765 837 799 898 et
824 833 956 900 infimae
983 837 1174 920 graecitatis

157 937 244 1002 haud
276 959 349 1002 raro
382 937 472 1003 locos
506 959 545 1002 ex
576 958 614 1003 eo
638 939 808 1022 excerpsit.
853 938 903 1005 De
926 940 1040 1007 eodem
1063 942 1174 1010 codice

157 1043 256 1110 v'erba
273 1044 352 1110 fecit
375 1043 421 1110 St.
446 1042 556 1124 Oroix,
582 1044 707 1110 notices
731 1048 765 1110 et
787 1045 924 1112 extruite
952 1047 1008 1112 des
1031 1048 1110 1116 Mss.
1134 1051 1174 1115 do

155 1151 190 1216 la
217 1149 296 1215 bibl.
325 1150 367 1215 du
395 1149 458 1215 Roi
486 1149 611 1215 Toml
638 1149 710 1216 Par.
736 1151 823 1217 1784
849 1175 883 1236 p.
902 1151 1009 1238 538.¹)
1055 1153 1174 1221 Novis·

156 1257 237 1322 sime
261 1257 419 1341 scriptum
438 1253 645 1322 Ganabutzae
668 1257 808 1343 perlegit
828 1254 976 1345 Gonnoi),
999 1261 1055 1345 qui
1078 1260 1113 1325 in
1132 1284 1171 1329 eo

155 1363 193 1428 de
220 1364 416 1448 templorum
449 1361 765 1430 Samothracicorum
801 1368 891 1430 statu
937 1366 1042 1450 qualis
1072 1368 1174 1434 fuerit

156 1473 262 1536 aetate
300 1470 441 1536 auctoris
482 1469 590 1554 aliqua
624 1490 658 1534 se
695 1471 901 1536 inventurum
940 1492 1011 1537 esse
1046 1473 1173 1540 frustra

155 1576 306 1661 speravit.
324 1575 374 1663 ξ-
396 1577 448 1642 ¹Ac
481 1576 547 1641 iam
582 1575 621 1641 de
653 1597 770 1662 genere
808 1582 842 1643 et
874 1580 980 1644 aetate
1021 1581 1173 1666 magistri

158 1685 262 1749 nostri
285 1704 367 1769 quae
390 1683 559 1749 enucleare
581 1683 676 1748 nobis
701 1683 842 1768 contigit
864 1685 900 1749 in
929 1685 1073 1750 medium
1097 1709 1172 1770 pro-

154 1790 304 1856 feramus.

221 1895 345 1963 Notum
373 1900 425 1961 est
451 1917 508 1980 per
535 1895 704 1978 complura
727 1895 825 1960 medii
848 1896 918 1961 aevi
946 1897 1075 1962 saecula
1098 1922 1173 1984 par·

154 2008 222 2069 tem
244 2002 330 2068 haud
354 2003 504 2088 exiguam
523 2001 702 2067 insularum
721 2003 913 2086 urbiumque
932 2003 1172 2072 maritimarum

84 2145 87 2152 Δ
155 2108 308 2175 Graeciae
333 2112 366 2174 et
385 2107 485 2174 Asiae
508 2108 544 2172 in
563 2107 713 2173 manibus
734 2107 952 2174 Genuensium
975 2108 1088 2175 fuisse.
1118 2111 1173 2178 Ita

153 2217 276 2282 factum
300 2219 359 2300 est,
381 2218 418 2280 ut
441 2215 537 2279 multi
560 2212 748 2280 Genuenses
767 2215 875 2298 patria
897 2215 1012 2280 relicta
1031 2215 1079 2282 ibi
1097 2239 1173 2284 con-

153 2323 305 2405 siderent,
329 2343 464 2406 quorum
487 2321 610 2404 posteri
628 2320 834 2385 volventibus
859 2322 951 2386 annis
970 2320 1083 2407 lingua
1101 2347 1172 2391 mo-

153 2429 244 2494 ribus
262 2428 419 2513 religione
437 2429 510 2513 ipsa
532 2427 666 2492 mutatis
686 2424 802 2491 Graeci
817 2448 856 2490 ex
869 2425 964 2493 Italis
985 2428 1065 2494 facti
1085 2436 1171 2498 sunt.

153 2533 311 2601 Graecam
334 2534 420 2599 enim
442 2535 609 2600 nationem
632 2534 780 2618 quamvis
807 2555 997 2618 oppressam
1025 2540 1060 2601 et
1082 2537 1171 2603 debi-

152 2641 282 2707 litatam
305 2664 377 2707 eam
400 2624 529 2726 semper
550 2639 617 2706 vim
646 2649 743 2725 atque
771 2639 918 2725 vigorem
940 2640 1109 2726 habuisse,
1132 2649 1172 2710 ut

153 2747 292 2813 alierum
314 2747 461 2833 gentium
484 2746 626 2812 advenas
653 2746 704 2811 vel
728 2747 817 2830 ipsos
840 2746 1010 2833 indigenas
1032 2770 1171 2817 numero

154 2857 343 2938 superantes
371 2853 518 2919 moribus
544 2855 655 2917 tamen
678 2857 711 2918 ct
733 2852 847 2937 lingua
869 2853 932 2918 sibi
959 2852 1173 2941 subiungeret

155 2946 283 3044 semper
305 2959 507 3024 mirabimur.

223 3063 366 3144 Quorum
384 3063 543 3128 Italorum
567 3085 606 3128 ex
628 3085 762 3128 numero
786 3067 820 3128 et
841 3064 991 3151 princeps
1009 3065 1065 3133 ille
1083 3067 1172 3135 Aeni

153 3178 186 3239 et
209 3170 436 3238 Samothraces
460 3171 511 3234 est
534 3173 567 3234 et
589 3167 792 3235 Ganabutzes
815 3171 899 3254 ipse,
927 3173 1019 3239 cuius
1047 3196 1173 3242 nomen

225 3399 425 3540 rhpapgeas,
439 3396 510 3453 aru.
526 3351 624 3453 orae.
635 3396 681 3467 iv,
696 3401 748 3452 aaa
764 3397 807 3453 ec.
819 3397 896 3454 narr.
919 3398 1041 3470 naarai,
1057 3401 1172 3461 caeca.

153 3471 220 3528 Litt.

224 3562 251 3630 2)
280 3560 370 3615 (lonae
396 3557 536 3614 Niemann
563 3555 684 3626 Hauser,
713 3555 964 3630 Untersuohungen
992 3559 1043 3615 aui
1069 3561 1169 3620 Samo·

154 3633 255 3688 thrake
275 3630 387 3702 11,1ro.
407 3629 488 3685 Anm.
503 3634 527 3685 3.
