2546 4042
538 268 571 276 -
622 239 714 294 XVIII
762 269 800 278 —

160 391 273 478 pinxit.
299 427 337 437 -
362 389 414 456 Ex
436 390 498 458 hoc
518 390 626 456 codice
645 391 804 474 prooemii
827 392 957 458 initium
980 398 1012 459 et
1032 396 1176 479 capitum

160 499 275 564 titulos
299 498 455 563 dederunt
477 498 619 584 catalogi
642 498 721 563 bibl.
739 495 839 566 Vind.
861 496 916 586 (of.
938 498 1015 584 p.V
1036 501 1110 568 adn.
1132 500 1176 590 1).

249 607 278 672 5.
306 604 414 671 Codex
436 603 602 670 Parisinus
633 606 718 670 1746
742 603 811 693 (Ρ),
839 606 1041 692 chartaceus,
1069 607 1176 674 forma

160 713 294 797 minore,
316 713 371 778 fol.
390 710 442 796 95,
466 710 638 776 abeodem
661 711 806 778 Antonio
825 711 1069 798 Episcopopulo
1090 737 1173 782 anno

161 874 246 940 1569
281 874 439 956 scriptus,
470 875 508 936 ut
540 873 609 956 ipse
640 872 674 936 in
706 873 769 937 fine
802 874 937 939 indicat:
970 835 1109 961 ,αφξθοῖ
1138 877 1174 941 ἐν

160 977 255 1065 μηνὶ,
283 981 385 1065 puto,
414 979 451 1044 ἐν
478 981 617 1060 βενετία.
667 981 757 1066 παρὰ
789 980 939 1068 ἀντωνίῳ
971 990 1016 1068 τῷ
1046 982 1174 1048 ἐπισκο-

159 1087 316 1174 ποαούλῳ
348 1082 403 1150 καὶ
430 1085 649 1172 πρανοψαλλτῃ
674 1088 849 1164 cuduntur.
895 1084 1048 1171 {Duarum
1083 1091 1173 1173 pagi-

160 1216 278 1258 narum
303 1193 480 1278 imaginem
511 1194 742 1278 [p.1,1—12.
774 1177 1174 1278 46,21-47,51ιαὶαα

163 1300 327 1384 editionis]
352 1303 502 1365 accurate
526 1299 683 1383 expressit
702 1297 742 1363 H.
762 1298 892 1383 Omont,
914 1298 1117 1365 Fac-similes
1138 1301 1175 1366 de

161 1407 356 1478 manuscrits
379 1404 479 1473 Grecs
504 1407 559 1470 des
582 1403 656 1470 XV⁸
675 1407 707 1469 et
729 1403 822 1470 XVIe
843 1406 954 1471 siecles
977 1406 1022 1492 pl.
1040 1407 1071 1472 4.

250 1532 299 1597 Ac
323 1533 446 1614 septem
469 1531 598 1614 quidem
617 1529 777 1613 capitibus
799 1529 926 1594 collatis
946 1531 1175 1597 confirmatum

161 1642 211 1703 est
232 1639 318 1705 bunc
342 1637 483 1704 codicem
506 1659 580 1703 cum
598 1635 843 1702 Vindobonensi
866 1637 1172 1741 planecongruere.

250 1763 406 1829 Videmus
437 1762 571 1846 codices,
597 1762 653 1847 qui
680 1782 792 1826 omnes
821 1761 894 1845 plus
925 1765 1056 1827 centum
1081 1764 1173 1827 annis

161 1874 236 1955 post
260 1874 425 1936 auctorem
450 1869 563 1952 scripti
591 1870 682 1952 sunt,
710 1868 746 1931 in
774 1867 836 1932 duo
860 1889 979 1954 genera
1004 1868 1175 1935 discedere.

161 1976 305 2042 Alterius
337 1977 465 2061 generis
497 1976 648 2060 princeps
682 1978 732 2040 est
762 1975 862 2039 codex
894 1972 1088 2055 Vaticanus,
1122 1977 1177 2058 qui

163 2083 297 2148 alterius
329 2087 405 2147 sunt
436 2080 697 2146 Vindobonensis
726 2083 759 2144 et
785 2079 951 2146 Parisinus
987 2082 1073 2146 1746
1106 2083 1177 2165 pari

163 2189 354 2254 aestimandi
385 2193 461 2254 sunt
490 2189 605 2274 pretio.
649 2187 764 2273 Neque
792 2190 903 2253 tamen
930 2209 1050 2274 magno
1079 2188 1178 2253 inter-

162 2299 248 2364 vallo
274 2295 398 2362 codices
423 2294 543 2360 distare
566 2293 777 2359 manifestum
800 2298 934 2359 estnon
953 2293 1177 2358 deficientibus

163 2404 318 2490 vestigiis,
342 2423 423 2486 quae
446 2422 649 2466 communem
671 2399 796 2466 fontem
820 2400 971 2465 indicent.
1018 2397 1178 2464 Oonferas

163 2513 260 2578 hasce
276 2509 455 2595 scripturae
470 2507 687 2593 proprietates
706 2508 834 2595 utrique
854 2506 956 2572 codici
975 2528 1181 2572 communes:
1265 2571 1266 2604 ,

164 2620 263 2704 12,9
293 2613 369 2702 εὗρε
396 2619 454 2694 τίς.
508 2616 629 2700 18,16
657 2601 765 2701 μέλλω
797 2637 858 2698 μεν
888 2614 1000 2678 εἰπεῖν.
1051 2612 1182 2695 25,14
1265 2607 1266 2616 ’

164 2728 287 2804 ὄνιδος.
333 2725 386 2803 28,
410 2725 453 2789 24
477 2723 655 2798 ductortuus.
701 2721 823 2805 34‚10.
845 2721 885 2785 11
908 2720 1182 2802 κατελήφθησαν.

165 2835 278 2915 36,17
302 2827 393 2916 ἦχον.
439 2831 491 2914 37,
510 2831 552 2895 28
577 2830 690 2912 (λήμας.
735 2828 788 2912 42,
800 2826 849 2904 ,26
873 2825 1039 2892 ἐσεύοντο.
1084 2824 1182 2908 43,5

164 2939 307 3024 ἡμησίας
339 2940 490 3002 ἔπλατον.
539 2936 596 3021 43,
625 2936 676 3000 23.
705 2934 748 2998 24
781 2931 857 3017 παρ’
892 2931 1001 3017 αὐτῆς.
1053 2933 1112 3016 46,
1135 2933 1181 2997 29

164 3045 371 3111 κατώκεισεν.
418 3044 471 3126 57,
493 3043 536 3108 26
560 3041 687 3125 ἀνοίγῃ,
732 3040 784 3125 58,
808 3041 849 3104 27
874 3036 1021 3123 ἐκβαίνῃ.
1064 3037 1183 3121 59,15

166 3151 327 3239 λαμβάνῃ.
370 3151 413 3215 24
431 3149 613 3234 ductorium.
649 3148 702 3230 61,
723 3148 763 3212 17
784 3148 931 3230 ἔστηλαν.
968 3145 1021 3228 62,
1042 3145 1084 3209 10
1101 3148 1184 3209 καλ-

167 3263 326 3339 λίστανος.
372 3259 424 3343 64,
443 3259 464 3324 5
487 3264 612 3340 νοῆται.
658 3255 710 3339 71,
734 3254 778 3318 20
800 3253 899 3318 τοῦτό
921 3273 964 3316 τε.

256 3402 318 3468 His
350 3401 537 3488 praemissis
570 3398 609 3464 de
645 3417 718 3462 mes
754 3396 789 3460 in
821 3397 913 3459 textu
945 3391 1184 3460 conformando

168 3531 267 3594 opera
302 3529 405 3591 pauca
441 3509 564 3571 restant
607 3502 748 3568 dicenda.
806 3498 998 3583 Plerumque
1036 3500 1186 3566 codicem

167 3614 365 3680 Vaticanum
397 3615 434 3675 ut
461 3609 731 3694 praestantiorem
759 3611 888 3672 secutus
921 3627 1006 3687 sum,
1038 3605 1185 3689 primum
