2546 4042
533 206 749 260 ..XI-

129 356 253 440 butzes,
272 355 477 421 Palamedem
492 377 562 422 esse
576 361 729 440 putamus
736 353 773 442 ¹),
790 355 893 422 frater
908 354 1143 444 (αὐτάδελφος)

130 461 200 526 eius
228 460 325 527 Lesbi
352 462 503 547 princeps
533 463 590 548 qui
622 467 894 529 commemoratur
926 467 976 528 est
1002 463 1145 532 Doricus

130 567 335 634 Gattilusius.
381 568 414 633 Is
441 572 518 652 post
545 567 864 653 Constantinopolim
894 573 1025 654 captam
1049 571 1145 636 simul

128 695 202 739 eum
220 672 394 739 Palamede
413 676 541 760 legatos
560 675 600 739 ad
619 673 843 740 Mahometum
866 675 965 760 misit,
989 675 1044 761 qui
1066 677 1145 742 utri·

129 801 202 864 que,
225 783 262 844 ut
284 780 319 845 in
341 783 504 865 potestate
528 803 587 846 sua
606 784 759 865 maneret,
778 781 947 846 concessit.
993 780 1143 848 Mortuus

128 890 179 951 est
209 887 385 952 secundum
412 885 536 953 Ducam
566 883 606 974 (c.
628 886 674 952 44
696 909 728 971 p.
747 881 811 952 328
840 887 888 952 ed.
911 885 1030 972 Bonn.)
1059 896 1144 957 anno

128 992 224 1060 1455.
274 991 379 1058 Filius
411 993 596 1060 Nicolettus
626 993 733 1058 insula
765 991 870 1058 Lesbo
904 1016 923 1057 a
956 991 1144 1061 Mahometo

126 1100 275 1184 privatus
299 1102 350 1164 est
373 1121 458 1165 anno
484 1099 570 1166 1462
593 1096 766 1186 (Critobul.
783 1098 841 1184 IV,
865 1100 1005 1166 11-13.
1034 1099 1143 1166 Ducas

126 1228 153 1271 c.
173 1206 218 1272 45
241 1227 273 1289 p.
291 1201 382 1292 345).
1014 1225 1016 1230 ’

216 1330 378 1408 Quoniam
408 1330 447 1395 de
474 1329 599 1414 patria·
612 1332 645 1392 et
673 1331 779 1393 aetate
811 1329 952 1394 auctoris
981 1351 1064 1414 quae
1086 1352 1144 1415 po·

124 1439 235 1525 terant
266 1435 459 1522 investigari
491 1434 739 1519 proposuimus,
769 1434 807 1500 de
841 1432 1049 1502 Ganabutzae
1077 1436 1144 1503 elo·

124 1542 256 1610 cutione
285 1545 318 1606 et
347 1541 455 1606 indole
478 1562 584 1626 pauca
612 1540 764 1607 videntur
787 1540 930 1608 dicenda.
975 1541 1084 1626 Atque
1108 1543 1144 1607 in

125 1650 284 1733 scriptore
302 1649 478 1732 byzantino
493 1647 614 1713 saeculi
628 1646 709 1713 XIV
723 1648 774 1713 vel
788 1647 852 1714 XV
864 1668 968 1732 neque
984 1648 1143 1714 sermonis

126 1753 308 1841 puritatem
334 1774 437 1838 neque
468 1753 719 1819 concinnitatem
747 1753 982 1818 sententiarum
1005 1754 1144 1819 inveniri

124 1883 224 1927 nemo
237 1859 420 1925 mirabitur.
438 1859 483 1924 Et
496 1859 643 1944 prolbcto
657 1857 744 1923 haud
758 1879 833 1924 raro
848 1859 1053 1943 reperiuntur
1067 1861 1140 1946 loci,

122 1968 183 2034 ubi
202 1967 278 2052 quid
293 1966 356 2031 sibi
370 1965 510 2032 voluerit
529 1968 641 2031 auctor
659 1965 715 2031 vix
733 1965 803 2050 ipse
823 1966 954 2050 quidem
974 1967 1141 2054 cognitum

121 2074 279 2140 habuisse
293 2073 449 2139 videatur.
477 2072 596 2138 Parum
615 2072 704 2138 enim
723 2075 772 2136 est
790 2073 932 2140 dilucida
946 2057 1093 2158 elocutio,
1112 2076 1141 2139 si

124 2179 311 2246 consecutio
342 2178 516 2245 verborum
547 2179 697 2264 neglecta
730 2182 793 2263 est,
826 2184 854 2244 si
880 2184 1015 2265 propter
1045 2182 1143 2246 inter·

122 2287 306 2372 positiones
328 2287 446 2371 longas
470 2285 694 2351 obliviscimur
714 2307 796 2371 quae
814 2285 909 2350 initio
928 2286 1047 2370 longae
1071 2307 1143 2351 sen*

123 2391 304 2458 tentiarum
329 2391 589 2458 'continuationis
622 2393 663 2456 ab
697 2394 828 2457 auctore
866 2392 953 2458 dicta
990 2395 1078 2477 sunt,
1115 2393 1144 2457 si

124 2499 329 2565 anacoluthis
363 2498 501 2583 aliisque
533 2497 676 2582 peccatis
713 2497 905 2562 elocutionis
943 2497 1144 2562 deformatur

125 2605 242 2671 oratio.
287 2603 422 2670 Accedit
457 2603 544 2690 quod
578 2603 773 2688 byzantinae
798 2603 1005 2686 loquacitatis
1039 2625 1144 2669 exem·

126 2713 219 2798 plum
243 2715 294 2776 est
321 2710 576 2796 odiosissimum,
604 2711 694 2776 cuius
723 2709 770 2775 rei
797 2710 1020 2775 testimonium
1043 2732 1143 2775 unum

125 2841 144 2882 e
168 2818 280 2882 multis
301 2816 489 2901 depromere
508 2817 589 2881 mihi
607 2817 712 2881 liceat.
758 2812 1039 2882 Commemoratur
1058 2817 1144 2902 apud

125 2923 325 3007 Dionysium
348 2922 380 3008 I,
403 2923 445 2988 67
479 2923 633 3008 Σάτυρος
667 2921 692 2988 ὁ·
714 2924 793 3000 τοὺς
825 2921 984 3008 ἀρχαίους
1012 2925 1145 3010 μύθους

125 3030 336 3113 συναγαγών.
381 3029 552 3113 Equibus
576 3028 653 3115 quid
675 3028 757 3093 facit
779 3026 1005 3095 Ganabutaes?
1022 3025 1058 3094 ‘0
1076 3029 1144 3093 Σοί·
1260 3011 1270 3032 ’

124 3160 238 3222 recog,
262 3136 352 3214 ὅστις
380 3137 547 3219 συνήγαγε
573 3133 630 3201 καὶ
657 3132 824 3220 συνέθηκε
849 3133 906 3201 καὶ
929 3137 1073 3220 ἔγραψεν
1096 3136 1144 3213 εἰς

198 3295 226 3365 1)
250 3293 477 3364 Schlumberger,
506 3291 726 3360 numismatique
754 3293 789 3346 de
815 3291 929 3347 l'erient
952 3290 1026 3345 latin
1048 3309 1076 3361 p.
1091 3297 1143 3347 433

124 3366 205 3420 lente
223 3381 281 3421 nen
305 3366 525 3421 commemorato
543 3361 725 3418 Palamedem
744 3361 857 3416 demum
876 3361 1079 3418 Samothracen
1101 3363 1143 3418 in·

124 3437 218 3492 sulam
235 3435 266 3491 in
284 3435 399 3492 feudum
417 3434 559 3505 accepisse
577 3433 656 3489 dicit.
694 3433 774 3499 Quod
794 3432 819 3486 si
836 3431 879 3488 ita
897 3435 949 3502 est,
969 3434 1045 3503 quod
1059 3451 1144 3504 supra

85 3531 90 3542 ·
124 3508 288 3564 coniectura
312 3508 411 3577 adepti
434 3523 541 3572 sumus,
574 3503 766 3560 Canabutzam
790 3502 850 3560 eius
874 3506 967 3560 aetate
991 3505 1144 3576 scripsisse,

124 3581 233 3634 certum
251 3579 292 3634 fit.
