2546 4042
475 247 691 313 -.45-

69 411 180 492 ὥσπερ
200 413 336 492 εἴπομεν
349 408 430 490 μετὰ
449 414 510 472 τοῦ
525 405 647 472 Ἰόαίου
666 414 727 471 τοῦ
745 406 824 472 υίοῦ
838 407 942 472 αὐτοῦ
955 405 1010 473 καὶ
1028 415 1090 473 τοῦ

70 523 191 582 λοιποῦ
201 519 287 579 λαοῦ
297 513 400 579 αὐτοῦ
411 510 667 598 διαπεραιωθεὶς
681 513 729 589 είς
738 512 800 597 την
810 512 976 596 ἀνατολὴν
986 511 1091 597 είσέρ-

70 646 161 708 χεται
177 620 271 696 ἐντὸς
284 626 345 684 τοῦ
360 621 522 702 στόματος
536 627 597 684 τοῦ
611 627 731 684 στενοῦ
744 617 800 684 καλ
814 617 976 703 ἐξέρχεται
991 621 1038 696 εἰς
1052 621 1090 686 ἓν

71 726 172 814 μέρος
194 736 253 813 τῆς
275 734 335 810 γῆς
357 733 418 790 τοῦ
432 723 685 808 Ἐλλησπόντου.
716 723 844 853 λεήεται
869 722 955 799 δὲ
941 756 984 808 ,ης
1012 755 1115 818 amoq

67 833 312 917 Ελλήσποντος
333 832 354 916 η
378 830 442 897 άπὸ
469 839 527 916 τῆς
549 833 696 910 Κυζίκου
724 829 818 916 μέχρι
845 838 906 896 τοῦ
927 823 1040 942 ᾖλκῖὶῦ
1043 759 1144 942 ἱσοῖοῑῡξς

71 941 160 1006 κάτω
198 941 360 1023 στόματος
397 945 458 1003 τοῦ
495 945 615 1002 στενοῦ
649 937 805 1003 θάλασσα
841 936 906 1002 ἀπὸ
951 968 1002 1012 am„
970 899 1144 1026 ςςηςξία

72 1047 190 1132 μύθου
211 1044 232 1128 ἢ
256 1044 404 1128 ἱστορίας
425 1044 598 1127 τοιαύτης·
618 1040 765 1128 Ἀθάμας
783 1065 832 1120 τις
850 1046 908 1127 βα-
951 1036 1033 1097 ΜΝ
1034 1050 1064 1084 ²¹⁰
1066 1049 1122 1090 ποῖ·

71 1154 186 1227 σιλεὺς
213 1159 281 1215 τῶν
312 1153 435 1234 Θηβῶν
463 1173 478 1214 ε
481 1143 529 1234 ἷχε
561 1159 703 1233 γυναῖκα
732 1147 980 1235 ὀνομαζομένην
1006 1147 1090 1215 Ἰνώ.

72 1259 129 1324 όιά
154 1257 406 1343 προστάγματος
429 1264 513 1339 γοῦν
536 1265 594 1342 τῆς
616 1262 698 1332 θεᾶς
721 1264 779 1340 τῆς
792 1252 898 1341 Ἥρας
917 1256 1036 1339 ἥντινα
1059 1256 1096 1322 οί

73 1370 218 1430 Λατῖνοι
246 1365 421 1447 Ζουνόνεμ
449 1367 603 1444 καλοῦσι,
632 1361 751 1446 ἀφίησι
778 1363 903 1446 ταύτην
930 1360 986 1428 καὶ
1013 1367 1093 1448 λαμ·
1113 1377 1146 1427 10

73 1471 172 1555 βαίνει
201 1471 305 1554 άλλην
337 1468 476 1554 ὀνόματι
503 1465 662 1553 Νεφέλην
693 1466 748 1534 καλ
781 1467 937 1553 ἐποίησεν
968 1468 1004 1535 ἐκ
1034 1479 1094 1555 τῆς

75 1575 233 1661 Νεφέλης
254 1576 332 1641 υίὸν
355 1574 414 1641 ἕνα
434 1576 572 1659 ὀνόματι
593 1575 719 1658 Φρίξον
742 1573 797 1640 καὶ
819 1575 991 1663 θυγατέρα
1012 1578 1094 1661 μίαν

73 1684 215 1768 ὀνόματι
229 1680 362 1766 Ἕλλην.
401 1681 502 1746 πάλιν
521 1676 584 1746 οὗν
604 1680 621 1746 ό
637 1676 784 1766 Ἀθάμας
798 1680 927 1766 ἐμίνετο
942 1694 1094 1767 κρυπτῶς

73 1791 157 1875 μετά
183 1797 241 1873 τῆς
264 1786 381 1865 Ἰνοῦς.
428 1787 508 1873 ὅπερ
541 1790 661 1853 ίόοῦσα
692 1787 713 1872 ἡ
746 1785 882 1872 Νεφέλη
915 1786 971 1853 καὶ
1002 1791 1094 1873 ζηλο-

73 1899 253 1980 τυπησασα
276 1898 401 1978 ἔφυγεν
422 1899 648 1960 καταλιποῦσα
671 1897 751 1971 τοὺς
778 1894 878 1978 αὐτῆς
904 1895 1025 1972 παῖδας
1048 1898 1095 1972 είς

74 2005 135 2069 τὸν
161 1996 254 2067 οἶκον
277 2010 337 2066 τοῦ
362 2000 485 2086 ἀνδρὸς
508 2000 609 2086 αὐτῆς
628 1998 844 2087 Ἀθάμαντος.
888 2009 987 2066 τοῦτο
1012 2002 1095 2067 ἰδὼν

75 2109 93 2175 ὁ
114 2106 265 2191 Ἀθάμας
283 2108 380 2191 ἔλαβε
398 2107 499 2172 πάλιν
516 2107 579 2190 τὴν
593 2103 667 2172 Ἰνὼ
686 2117 840 2194 φανερῶς
858 2109 904 2184 εἰς
922 2109 981 2172 τὸν
1001 2102 1095 2173 οἷκον

76 2214 184 2280 αὐτοῦ
207 2213 251 2290 ὡς
277 2223 429 2297 γυναῖκα.
476 2212 673 2297 ἐπεβούλευε
700 2223 785 2297 γοῦν
812 2214 952 2279 πάντοτε
979 2210 1094 2297 ηἸνὼ

74 2323 157 2398 τοὺς
180 2322 369 2407 προγόνους
392 2319 494 2403 αὐτῆς
514 2321 575 2385 τὸν
601 2319 726 2406 Φρίξον
746 2315 803 2386 καὶ
821 2320 882 2404 τὴν
896 2318 1020 2403 Ἕλλην
1038 2319 1092 2386 καὶ

76 2429 182 2512 ἐζήτει
218 2429 343 2511 τρόπον
380 2426 425 2503 ὡς
462 2427 604 2511 μητρυιά
637 2435 699 2491 τοῦ
733 2432 928 2492 θανατῶσαι
964 2426 1094 2504 αὐτούς.
1114 2443 1148 2492 20

75 2541 179 2619 λιμοῦ
210 2530 247 2598 δὲ
273 2530 458 2617 γενομένου
486 2534 534 2609 είς
560 2535 600 2597 τά
629 2529 712 2617 μέρη
747 2532 855 2598 ἐκεῖνα
886 2535 1035 2618 ἔπεμψαν
1063 2534 1099 2598 οί

72 2639 252 2724 Ἀθηναῖοι
288 2637 442 2725 πρέσβεις
479 2641 526 2715 είς
557 2641 594 2706 τὸ
627 2649 786 2723 μαντεῖον
817 2639 873 2703 ἵνα
906 2638 1094 2724 ἐρωτήσωσι

75 2744 156 2832 περὶ
169 2754 231 2811 τοῦ
244 2750 344 2830 λιμοῦ
357 2746 488 2812 τούτου.
512 2746 651 2823 τούτους
669 2748 748 2822 τοὺς
766 2743 920 2832 πρέσβεις
934 2742 1096 2821 ἐλθόντας

77 2855 126 2930 είς
158 2853 218 2917 τὸν
250 2846 344 2916 οἷκον
373 2861 434 2917 τοῦ
463 2847 670 2937 Ἀθάμαντος
701 2852 947 2938 παρεσκεύασεν
976 2851 997 2935 ἡ
1022 2847 1095 2916 Ἰνὼ

76 2960 161 3043 μετὰ
191 2958 308 3043 δώρων
335 2962 468 3023 πολλῶν
476 3007 486 3041 ,
510 2958 565 3023 ἵνα
590 2964 728 3024 εἴπωσιν
751 2959 832 3024 όταν
855 2956 1097 3043 ἐπιστρέψωσιν
1198 3031 1210 3046 ἃ

77 3065 144 3131 άπὸ
168 3073 231 3130 τοῦ
254 3066 423 3149 μαντείου,
447 3065 498 3129 ὅτι
521 3064 579 3130 ἐάν
602 3066 646 3149 μη
666 3064 817 3149 σφάξωσι
834 3062 889 3130 καὶ
907 3065 1098 3130 θυσιάσωσι
1132 3084 1141 3094 ·

76 3174 127 3249 εἰς
145 3173 226 3248 τοῦς
239 3173 342 3246 θεοὺς
360 3172 439 3247 τοὺς
456 3172 577 3248 παῖδας
595 3181 656 3237 τοῦ
671 3169 877 3256 Ἀθάμαντος
895 3171 954 3237 τὸν
972 3167 1097 3254 Φρίξον

76 3275 135 3344 καὶ
171 3277 235 3362 τὴν
263 3274 387 3361 Ἕλλην
423 3276 441 3342 ό
476 3279 571 3361 λιμὸς
608 3277 649 3342 οὐ
685 3280 893 3361 καυθήσεται
930 3275 993 3340 άπὸ
1030 3286 1098 3340 τῶν

76 3387 193 3450 τόπων
217 3382 363 3449 ἐκείνων.
410 3383 445 3447 οί
466 3379 502 3447 δὲ
520 3381 786 3466 ὑποστρέψαντες
809 3377 902 3448 εἷπον
926 3380 1040 3458 οὕτως.
1077 3382 1112 3464 ὁἱ

153 3547 168 3595 1
189 3542 312 3609 εἴπωμεν
330 3537 395 3594 Vat.
522 3547 537 3595 6
557 3539 572 3593 ὁ
590 3557 641 3608 pro
664 3539 681 3608 η
700 3539 733 3595 V.
861 3547 875 3594 7
895 3542 1011 3612 τοιαύτη
1033 3540 1097 3597 Vat.

78 3620 115 3669 20
136 3611 249 3685 μητρύά
266 3610 332 3665 vat.
