2546 4042
601 209 800 273 ,6.-

191 392 275 452 πων,
306 367 418 452 ἐπειδή
445 368 508 451 τήν
536 368 660 451 σοφίαν
688 363 844 450 ἐποίησας
871 367 989 450 κοινήν
1012 366 1059 443 είς
1083 367 1218 445 πάντας

191 475 409 558 ἀνθρώπους,
434 470 479 539 δι’
506 474 624 558 ήντινα
646 467 737 557 είχον
765 471 829 556 ἐγὼ
859 473 1026 558 διαφορὰν
1048 469 1106 537 καὶ
1131 494 1218 558 προ-

190 585 325 667 τίμησιν
348 578 412 647 ἀπὸ
435 589 502 646 τῶν
527 581 652 659 ἀλλων;
676 589 779 646 ταῦτα
801 579 931 661 γράψας
954 577 972 644 δ
992 574 1219 665 Ἀλέξανδρος

190 689 273 776 πρὸς
295 690 355 754 τδυ
375 684 604 771 Ἀριστοτέλην
631 684 686 752 καλ
708 685 867 769 τοιαύτην
891 685 1021 769 ἀγάπην
1046 687 1135 770 ἔχων
1159 684 1218 751 καὶ

191 795 296 872 οὕτως
318 805 423 879 τιμῶν
446 796 508 878 τήν
531 795 655 878 σοφίαν
677 790 734 859 καὶ
757 792 813 857 διά
838 792 960 874 ταύτης
988 792 1219 876 οἰκονομήσας

191 901 252 984 τήν
275 903 447 985 βασιλείαν
469 900 614 986 ὑπερήρε
637 897 691 964 καὶ
714 898 952 984 ὑπερηκόντισε
980 897 1108 974 πάντας
1132 902 1241 977 τοὺς·

190 1002 245 1069 ἀπ’
282 1007 403 1082 αἰῶνος
434 1008 583 1089 βασιλεῖς
613 1004 669 1070 καλ
703 1007 817 1088 ἔσβεσε
850 1005 888 1070 τδ
920 1005 1027 1087 ὄνομα
1058 1002 1116 1069 καὶ
1138 1007 1218 1089 ,τήν

190 1113 305 1196 φήμην
338 1111 450 1178 αὐτῶν
476 1110 532 1176 καλ
563 1113 756 1198 κατόρθωσε
783 1120 921 1176 τοιαῦτα
947 1111 1125 1197 πράγματα
1157 1111 1218 1177 καὶ

190 1218 383 1283 κατεδίκασε
405 1218 569 1295 τοσαύτας
587 1219 755 1302 βασιλείας
773 1215 828 1282 καὶ
848 1217 1018 1302 ἐκυρίευσε
1036 1218 1218 1284 τοσούτων

140 1342 172 1390 10
192 1323 305 1389 ἐθνῶν
328 1323 420 1402 ἐντὸς
442 1326 575 1411 χρόνων
599 1325 738 1407 δώδεκα,
762 1323 824 1388 ὅσα
849 1320 961 1400 οὐδεὶς
983 1321 1096 1408 ἕτερος
1115 1327 1218 1406 βασι-

190 1433 267 1506 λεὺς
299 1429 363 1495 ἀπὸ
400 1439 461 1495 τοῦ
497 1431 618 1508 αἰῶνος
655 1431 731 1495 οὔτε
763 1432 927 1514 πρότερον
963 1429 1095 1495 ἐκείνου
1134 1431 1218 1497 οὔτε

189 1535 332 1621 ὕστερον
361 1533 430 1620 μετ’
464 1535 602 1602 ἐκεῖνον.
647 1534 703 1600 καὶ
732 1538 830 1619 ζήσας
857 1536 1033 1620 τριάκοντα
1061 1533 1118 1600 καὶ
1149 1538 1216 1603 δύο

190 1645 334 1728 χρόνους
355 1639 413 1708 καὶ
434 1649 541 1727 μῆνας
564 1641 660 1724 ὀκτώ,
683 1641 883 1725 βασιλεύσας
912 1637 949 1706 δέ
972 1643 1058 1727 μόνα
1080 1643 1121 1707 τά
1148 1644 1217 1709 δώ-

191 1750 270 1814 δεκα
293 1747 446 1826 καὶτοὺς
469 1748 555 1813 ὀκτὼ
574 1756 690 1834 μῆνας,
713 1740 783 1812 εἶτα
810 1746 1004 1830 ἀποθανών,
1028 1749 1217 1835 ἀνθρωπος

190 1857 253 1941 γάρ
277 1850 330 1938 ήν,
356 1858 391 1940 ζῇ
416 1855 472 1918 διά
495 1864 563 1920 τῶν
587 1857 695 1940 ἔργων
718 1853 823 1919 αὐτοῦ
844 1851 900 1918 καὶ
923 1863 991 1919 τῶν
1013 1856 1125 1937 λόγων
1150 1858 1217 1940 τήν

190 1961 365 2027 ἀθάνατον
387 1969 444 2044 τῆς
468 1959 567 2044 δόξης
591 1962 676 2044 ζωήν
700 1962 747 2036 είς
764 1961 825 2025 τὸν
844 1963 971 2044 κόσμον
988 1948 1119 2026 τοῦτον.
1155 1960 1216 2027 καὶ

190 2067 252 2145 ἕως
281 2061 322 2131 οὗ
349 2066 479 2131 ’ίσταται
506 2065 524 2132 δ
553 2067 690 2150 κόσμος,
719 2065 781 2142 ἕως
802 2067 876 2131 τότε
898 2065 1009 2151 μέλλει
1031 2065 1087 2133 καὶ
1111 2063 1217 2146 οὗτος

189 2176 279 2260 παρὰ
312 2183 380 2238 τῶν
412 2171 604 2258 ἀνθρώπων
641 2172 851 2238 ἐπαινεῖσθαι
887 2171 943 2238 καὶ
975 2173 1215 2258 θαυμάζεσθαι

190 2276 245 2344 καὶ
268 2284 435 2365 τιμᾶσθαι.
483 2288 586 2345 ταῦτα
613 2277 769 2365 ἀναφέρω
797 2286 837 2363 τη
862 2278 1024 2365 αύθεντίηι
1048 2294 1128 2362 σου,
1155 2281 1216 2346 ἵνα

140 2403 173 2451 20
193 2391 458 2473 πληροφορηθής
475 2383 531 2451 καὶ
549 2388 749 2469 βεβαιωθής,
768 2385 856 2461 ὅπως
875 2383 992 2470 πρέπει
1005 2382 1061 2451 καλ
1075 2384 1215 2471 ἁρμόζει

190 2492 211 2574 ή
236 2495 339 2577 σοφία
362 2490 417 2558 καὶ
439 2492 459 2576 ή
484 2491 592 2576 ἀγάπη
616 2499 673 2575 τῆς
697 2493 816 2575 σοφίας
838 2499 941 2557 πᾶσιν
959 2492 1052 2569 ὅσοις
1070 2493 1213 2576 ἔχουσιν

191 2598 297 2684 ἀρχὴν
315 2602 362 2677 είς
379 2600 440 2665 τὸν
458 2601 606 2685 παρόντα
624 2600 751 2683 κόσμον
766 2604 830 2663 είτε
845 2599 966 2684 μικράυ
980 2603 1045 2664 είτε
1059 2601 1198 2683 μείζονα
1256 2631 1257 2664 ;

190 2706 276 2770 διότι
308 2706 326 2772 δ
356 2708 479 2790 κόσμος
509 2702 565 2771 καὶ
597 2704 617 2788 ή
651 2704 817 2791 εὐμορφία
848 2712 907 2787 τῆς
933 2704 1035 2790 ἀρχῆς
1062 2701 1120 2770 καὶ
1149 2715 1212 2789 τῆς

188 2814 355 2887 πολιτείας
387 2809 477 2876 ἐστὶν
508 2810 529 2894 ή
562 2813 673 2896 σοφία.
719 2811 826 2876 πάντα
857 2812 921 2896 γὰρ
950 2812 1012 2877 ὅσα
1039 2812 1124 2877 καλά
1153 2811 1212 2877 καὶ

187 2919 279 3001 τίμια
310 2917 484 3003 πράγματά
508 2918 593 2982 είσιυ
622 2919 668 2993 είς
694 2919 754 2982 τὸν
785 2919 927 3002 κόσμον,
961 2919 1021 2983 ὅλα
1054 2916 1119 2982 είσὶ
1147 2927 1209 3002 της

189 3026 310 3108 σοφίας
342 3019 503 3108 εὑρέματα
535 3022 592 3088 καὶ
619 3023 790 3107 ἐδόθησαν
817 3025 865 3100 είς
891 3025 970 3100 τοὺς
1003 3023 1212 3109 ἀνθρώπους

188 3128 244 3195 καὶ
279 3139 424 3215 χρῶνται
461 3129 544 3194 αὐτά
582 3130 617 3194 οί
645 3131 822 3214 ἅνθρωποι
854 3128 982 3214 ἀλόγως
1016 3127 1073 3194 καὶ
1104 3129 1212 3216 χωρὶς

188 3241 351 3321 λογισμοῦ
374 3233 430 3300 καὶ
452 3239 606 3320 νοήσεως.
652 3236 673 3320 ή
701 3237 765 3322 γάρ
789 3238 990 3320 φιλοσοφία,
1018 3237 1134 3314 καθὼς
1159 3236 1214 3302 λέ-

189 3359 309 3424 γουσιν
341 3343 376 3408 οί
400 3345 550 3427 παλαιοί,
583 3353 674 3408 ποιεί
700 3344 759 3407 τὸν
793 3343 979 3427 ἀνθρωπον
1012 3343 1132 3427 ὅμοιον
1165 3351 1213 3432 τῷ

262 3574 294 3622 21
316 3568 389 3632 δλοις
408 3571 471 3625 Vat.
