2546 4042
524 623 824 720 Epimetrum.

262 815 426 902 Opurculo
451 839 470 881 a
492 815 701 901 typographo
729 835 831 898 paene
858 815 925 879 iem
953 811 1105 881 absoluto
1128 818 1176 884 lit-

172 926 261 989 terae
284 923 366 988 mihi
389 923 510 988 allatae
533 927 609 989 sunt
627 920 760 1008 Georgii
778 922 810 986 J.
829 921 962 987 Zolotae
981 921 1044 987 viri
1065 922 1179 990 doctis-

173 1029 248 1094 simi
272 1026 346 1094 Ohii
368 1029 531 1116 gymnasii
553 1030 690 1094 rectoris
713 1050 884 1113 rerumque
906 1029 1031 1094 insulae
1055 1033 1088 1095 et
1106 1052 1178 1117 geo-

123 1137 127 1145 “
173 1135 400 1220 graphicarum
425 1140 457 1201 et
480 1135 711 1202 historicarum
733 1135 935 1220 indagatoris
957 1135 1178 1204 sollertissimi.

173 1243 275 1319 Quem
307 1265 380 1308 cum
410 1243 709 1328 interrogavissem‚
747 1263 827 1306 num
859 1242 958 1306 etiam
990 1263 1075 1308 nunc
1108 1242 1179 1310 Chii

120 1429 123 1436 ι
171 1351 393 1415 invenirentur
416 1347 636 1433 Canabntzae‚
666 1371 792 1414 summa
822 1369 895 1413 oum
919 1347 1180 1434 diligentiorem

172 1459 376 1521 consectatus
400 1459 450 1520 ast
473 1460 506 1521 et
529 1455 614 1541 quod
636 1456 671 1519 in
693 1455 858 1540 prooemio
877 1452 923 1540 (p.
947 1452 1026 1541 VII)
1050 1457 1181 1524 demon·

172 1565 276 1626 strare
305 1565 438 1627 conatus
467 1583 539 1626 sum
573 1558 797 1626 Oanabutzam
824 1558 942 1627 Ohium
971 1583 1055 1646 esse,
1086 1567 1178 1631 novis

171 1669 377 1734 confirmavit
395 1667 605 1753 argumentis.
640 1664 794 1754 Bolissi1)
815 1667 910 1752 enim,
928 1668 1043 1753 inquit,
1066 1669 1102 1734 in
1126 1693 1181 1757 op-

170 1773 246 1860 pido
269 1775 304 1838 in
326 1774 480 1840 inferiore
498 1778 592 1858 parte
615 1774 739 1839 insulae
758 1774 958 1840 occidentem
981 1796 1094 1841 versus
1119 1779 1183 1845 sito

171 1881 270 1945 etiam
297 1902 382 1945 nunc
410 1878 615 1946 Canabutaae
642 1880 810 1963 habitant,
839 1881 1001 1965 agricolae
1033 1882 1182 1969 plerique

171 1991 204 2052 et
237 1986 393 2071 opifices.¹
423 1986 630 2054 Nobiliorum
662 1987 710 2051 ibi
741 1985 941 2052 familiarum
977 1988 1011 2052 in
1046 2012 1183 2057 numero

170 2093 332 2158 habentur
356 2096 452 2178 atque
471 2115 592 2176 earum,
615 2115 697 2178 quae
720 2092 754 2158 in
778 2093 866 2159 omni
885 2094 1042 2160 memoria
1060 2095 1184 2164 Bolissi

169 2200 374 2266 habitabant.
406 2199 476 2266 Nec
494 2221 632 2285 usquam
656 2199 734 2266 alibi
758 2201 793 2264 in
811 2199 946 2267 Graecia
964 2224 1083 2268 nomen
1101 2204 1185 2271 illud

170 2307 311 2373 inveniri
339 2305 480 2372 affirmat
506 2307 592 2372 idem
617 2306 758 2372 Zolotas.
804 2305 951 2391 Longius
975 2311 1083 2374 autern
1107 2334 1183 2378 cum

171 2413 279 2498 gentis
303 2413 493 2477 memoriam
512 2415 688 2497 repeteret,
716 2435 781 2498 qua
804 2415 855 2478 est
877 2412 1074 2480 liberalitate
1099 2395 1185 2502 duae

171 2519 382 2605 investigavit
404 2539 531 2584 mecum
555 2519 807 2585 communicavit
830 2520 879 2585 vir
903 2520 1114 2588 clarissimus.

258 2645 297 2709 In
338 2647 446 2711 vetere
488 2643 669 2709 incolarum
710 2643 822 2729 oppidi
863 2646 1011 2729 catalogo
1048 2646 1194 2730 publico·

171 2755 465 2817 commemorantur
492 2749 630 2816 Ioannes
659 2747 861 2815 Canabutzes
889 2752 1036 2817 sacerdos
1069 2754 1187 2820 simul-

170 2880 232 2943 que
247 2856 405 2943 Georgius
420 2860 453 2922 et
470 2857 610 2922 Michael
625 2854 828 2922 Canabutzes
848 2857 932 2922 circa
949 2880 1069 2922 annum
1085 2862 1127 2925 17
1130 2861 1187 2926 51.

262 2982 312 3047 Im
336 2982 420 3047 libro
444 2981 584 3066 quodam
608 2982 799 3047 monasterii
820 2990 881 3047 τοῦ
904 2981 1002 3066 ἁγίου
1022 2977 1188 3050 Ἰωάννου

169 3099 237 3157 τῶν
255 3089 431 3155 Μουνδῶν
458 3110 560 3172 prope
588 3088 753 3153 Bolissum
777 3089 832 3153 siti
855 3090 1018 3155 invenitur
1040 3090 1188 3157 Ioannes

170 3194 373 3263 (lunabutzes
396 3194 556 3260 Bolissius
580 3216 663 3258 anno
689 3195 783 3260 1687.

243 3477 269 3544 1)
288 3471 419 3538 Βὸλισσοε
442 3474 537 3546 (hodie
561 3449 704 3545 Bolroodi)
722 3474 814 3529 iama
838 3475 1000 3544 Thucydide
1029 3477 1116 3548 (vm,
1138 3479 1189 3548 24)

170 3547 389 3601 commemorata
402 3563 453 3615 per
467 3547 557 3601 totam
571 3546 693 3600 mediam
707 3546 832 3601 aetatem
846 3563 934 3615 usqne
949 3546 1052 3603 adhoc
1067 3550 1189 3620 tempus

167 3616 300 3673 continuo
319 3614 511 3671 habitabatur.
