2558 4036
583 187 803 252 ..72-

185 341 241 410 καὶ
271 344 421 430 ἐκβάλλει
448 343 552 411 αὐτὸν
580 344 644 411 άπὸ
671 353 729 430 τῆς
756 344 858 431 ἀρχῆς
883 345 904 430 ἤ
931 348 1055 430 ποιῆση
1081 345 1187 422 παῖδας

185 448 241 515 καί
263 455 448 535 ποιῆσωσιν
476 449 556 517 αύτὸ
584 459 682 517 τοῦτο
711 451 832 527 ἐκείνοι
862 451 943 518 ὅταν
966 448 1185 535 άνδρωθῦσιν,

188 555 280 635 ἔταξε
302 559 364 641 τὴν
387 556 529 634 ἀνεψιὰν
552 555 656 621 αὐτοῦ
678 557 739 643 τῆν
759 552 860 624 Ἰλίαν
883 558 931 633 εἰς
952 557 1013 621 τὸν
1040 556 1121 620 ναὸν
1140 562 1187 638 τῆς

182 659 322 746 Ἑστίας,
340 662 397 728 ἵνα
412 661 555 748 δουλεύη
575 662 620 739 ὡς
634 659 736 749 ίέρεια
749 660 805 728 καί
818 662 1011 748 παρθενεύη
1025 662 1186 746 τριάκοντα

186 772 330 855 χρόνους
355 769 469 847 καθὼς
495 763 587 853 εἶχον
615 771 810 852 συνήθειαν.
855 767 876 852 ἤ
897 762 976 833 Ἰλία
1006 777 1091 851 γοῦν
1117 767 1186 849 αῦτη

187 877 395 962 μυθεύονται
417 876 468 941 ὅτι
491 872 623 959 άπῆλθέ
642 896 722 941 ποτε
745 877 793 952 είς
814 879 894 960 μίαν
917 873 1073 961 φάραγγα
1095 875 1187 958 ἤγουν

186 983 249 1068 τῆν
271 993 392 1059 κοινῶς
418 980 602 1066 λεγομένην
629 982 779 1066 λαγκάύα
805 983 876 1065 ἤτις
906 981 1033 1067 ύπῆρχε
1060 983 1187 1064 πλησίον

186 1097 247 1153 τοῦ
275 1096 370 1171 ναοῦ,
400 1089 457 1153 ’ίνα
484 1088 568 1173 λάβη
596 1087 690 1173 ὕδωρ
714 1087 777 1153 άπὸ
800 1096 858 1172 τῆς
880 1096 986 1173 πηγῆς
1010 1089 1067 1153 διὰ
1088 1089 1188 1171 χρείαν
1243 1101 1244 1110 ’

187 1203 248 1259 τοῦ
271 1203 365 1260 ναοῦ.
410 1193 479 1259 ἐκεῖ
498 1196 626 1275 γίνεται
648 1193 685 1258 ἐκ
706 1203 768 1258 τοῦ
787 1194 962 1278 αἰφνιδίου
984 1197 1101 1270 σκότος
1118 1191 1187 1276 μέγα

136 1322 170 1374 10
188 1297 243 1366 καί
265 1302 391 1386 ταραχὴ
414 1296 469 1364 καὶ
496 1296 635 1383 βρονταί
661 1295 717 1364 καί
740 1297 905 1386 ἀστραπαί
932 1298 988 1365 καί
1011 1297 1121 1384 βλέπει
1141 1299 1188 1364 άν-

187 1413 328 1489 θρωπον
352 1404 411 1471 ἕνα
439 1403 649 1489 ὡπλισμένον
671 1404 778 1489 ἤγουν
805 1404 1043 1492 ἀρματωμένον
1066 1405 1127 1471 άπὸ
1146 1427 1189 1470 κε-

188 1516 296 1596 φαλῆς
319 1510 381 1589 ἕως
403 1512 519 1576 ποδῶν
540 1508 596 1576 καί
619 1511 763 1595 βιάζεται
786 1511 891 1596 αύτῆν
912 1510 966 1577 καί
985 1515 1122 1598 φθείρει
1137 1513 1189 1595 τῆν

187 1620 376 1702 παρθενίαν
413 1617 522 1702 αύτῆς.
572 1625 693 1683 τοῦτον
729 1617 887 1702 λέγουσιν
923 1619 975 1684 ὅτι
1005 1619 1146 1705 ὑπῆρχεν
1174 1617 1188 1683 ὁ

188 1725 269 1802 θεὸς
291 1722 441 1812 ὁἈρης·
463 1721 519 1791 καὶ
541 1726 727 1809 παραυτίκα
750 1724 985 1810 συλλαμβάνει.
1032 1721 1116 1810 εἶχεν
1134 1726 1190 1809 γάρ
1246 1745 1247 1760 ²

188 1829 269 1896 αύτὸ
291 1826 520 1916 κεκρυμμένον
543 1828 638 1915 μέχρι
660 1837 788 1915 καιροῦ.
835 1825 905 1895 εἶτα
928 1831 1127 1916 ἐφανερώθη
1144 1829 1190 1896 καὶ

146 2013 148 2018 ,
188 1938 235 2014 είς
262 1937 322 2002 τὸν
350 1935 487 2020 βασιλέα
513 1937 550 2001 τὸ
582 1945 715 2020 πρᾶγμα
742 1938 802 2001 τὸν
825 1931 988 2021 Ἀμόλιον.
1038 1938 1191 2023 ἤθε’λησεν

188 2043 314 2120 ἐκεῖνος
336 2042 392 2107 ἵνα
416 2040 524 2125 σφάξῃ
548 2040 653 2126 αύτῆν
675 2043 758 2107 κατά
778 2043 839 2107 τὸν
862 2046 969 2128 νόμον
997 2043 1042 2120 ὡς
1065 2045 1192 2130 πορνεύ
1248 2093 1249 2100 .

189 2165 296 2215 σασαν
310 2149 391 2233 μετά
409 2147 594 2231 ἀνθρώπου
613 2149 716 2226 τινός·
736 2148 778 2213 ού
794 2151 857 2233 γάρ
873 2149 1066 2216 ἐπίστευσεν
1081 2151 1194 2226 ἐκεῖνος

188 2257 250 2341 τῆν
270 2258 459 2340 φαντασίαν
482 2255 600 2338 ἤντινα
624 2257 736 2338 ἔλεγεν
754 2253 873 2340 ἐκείνη.
905 2256 994 2340 ὅμως
1011 2255 1032 2340 ἤ
1053 2257 1194 2341 θυγάτηρ

134 2383 170 2433 20
189 2363 295 2429 αὐτοῦ
317 2371 379 2428 τοῦ
406 2358 563 2445 Ἀμολίου
597 2358 630 2448 [ἤ
651 2355 787 2442 Ἰουλία]
817 2362 838 2445 ἡ
870 2358 926 2426 καλ
953 2360 1116 2449 ἐξαῦελφῆ
1146 2371 1196 2445 τῆς

184 2450 283 2546 Ἰλίας
311 2468 464 2553 ἐζῆτησεν
491 2466 597 2551 αύτῆν
627 2466 691 2533 ἀπὸ
718 2475 779 2532 τοῦ
808 2468 961 2533 θανάτου
988 2467 1043 2534 καί
1073 2468 1196 2536 ἐλευθέ-

189 2593 297 2663 ρωσεν
330 2574 442 2658 αύτῆν.
489 2572 666 2658 ἐγέννησεν
701 2582 785 2657 γοῦν
821 2573 842 2658 ἤ
872 2570 951 2640 Ἰλία
986 2576 1049 2641 ἃύο
1081 2576 1195 2663 άόρενα

188 2684 315 2766 παιδία,
338 2683 397 2747 τὸν
411 2678 537 2765 Ῥοῦμον
555 2678 610 2746 καί
628 2683 688 2746 τὸν
702 2677 882 2765 Ῥωμύλον,
906 2681 1003 2746 άτινα
1023 2681 1041 2747 ὁ
1058 2678 1196 2768 Ἀμόλιος

189 2792 311 2875 ὥρισεν
333 2785 389 2854 καί
412 2788 571 2873 ἐρίψασεν
601 2787 685 2852 αὐτὰ
711 2791 855 2870 πλησίου
881 2797 942 2853 τοῦ
973 2788 1125 2876 Τιβέριος
1145 2811 1196 2854 πο

137 2925 182 2985 χρ,
210 2925 273 2978 ὅπως
292 2938 353 2987 πρ..
375 2902 482 2978 ταμοῦ
509 2894 565 2958 ἵνα
592 2892 819 2959 ἀποθάνωσιν.
860 2893 984 2979 εὑρέθη
1013 2906 1099 2979 γοῦν
1124 2894 1197 2961 κατὰ

135 2996 226 3043 ‘'³²²²''
244 2993 351 3081 '3⁹:⁸¹³‘
373 2999 477 3084 τύχην
505 3001 589 3077 ζῶον
616 2999 757 3065 λύκαινα
784 2997 839 3064 καί
867 2999 1066 3084 ἐπλησίασεν
1093 3004 1139 3080 είς
1163 3000 1197 3065 τά

134 3084 179 3125 μον
192 3067 231 3113 καί
245 3063 286 3111 τὸν
302 3067 351 3110 Ρω-

134 3135 207 3195 μιιιι
225 3135 238 3196 ἦ
255 3136 352 3182 περ...
374 3106 491 3171 παιδία
513 3102 569 3170 καὶ
592 3107 710 3190 ἔβαλεν
733 3108 780 3183 είς
802 3107 839 3171 τὸ
863 3109 968 3192 στόμα
995 3107 1106 3174 αὐτῶν
1127 3109 1196 3183 τοὺς

167 3207 244 3272 βρέφη
259 3205 320 3253 ³⁹²⁰·
374 3215 528 3298 μασθοῦς
551 3211 652 3296 αύτῆς
673 3214 780 3297 ἤγουν
797 3214 838 3277 τά
855 3216 963 3297 βυζία·
995 3211 1052 3279 καί
1069 3217 1131 3301 γὰρ
1148 3210 1197 3278 καί

188 3319 209 3404 ἤ
232 3320 373 3385 λύκαινα
400 3321 473 3384 τότε
496 3317 673 3403 ἐγέννησεν
697 3320 839 3403 ἔγγιστα.
883 3329 983 3385 τοῦτο
1011 3321 1050 3385 τὸ
1073 3328 1197 3407 πρᾶγμα

261 3475 466 3556 ῦάνῦρωβΐοσι
483 3473 520 3556 V:
650 3481 683 3529 20
703 3474 720 3599 ἤ
741 3471 843 3530 Ἰουλία
862 3477 942 3531 deest
959 3476 994 3532 V.
1031 3495 1084 3534 nec
1102 3476 1199 3548 legitur

190 3561 293 3600 nomen
312 3545 386 3614 apud
406 3545 578 3615 Dmnysmm.
653 3549 687 3600 24
722 3547 838 3617 ρίψασιν
858 3546 937 3602 codd.
