2558 4036
557 229 775 294 -ςς-

159 393 217 468 τὰς
244 389 403 473 μυστικάς
429 385 484 454 καὶ
513 386 729 473 ἀποκρύφους
755 385 811 454 καὶ
838 388 897 462 τὰς
919 385 1043 459 θυσίας
1065 382 1183 448 αὐτῶν

158 497 240 563 κατὰ
268 497 330 580 τῆν
357 493 450 572 τάξιν
476 491 532 559 καὶ
558 494 746 579 παράδοσιν
773 503 841 558 τῶν
867 491 1046 577 προγόνων
1074 488 1183 555 αὐτοῦ
1273 521 1274 534 ¹

159 605 207 680 είς
237 604 275 669 τὸ
294 600 409 667 Ἴλιον.
454 597 509 666 καὶ
541 599 662 685 ἐτίμων
693 598 749 665 καὶ
781 599 968 684 ἐφύλαττον
996 594 1119 672 αὐτοὺς
1148 596 1188 660 οἱ

163 713 274 793 Τρῶες
297 708 378 792 μετὰ
401 706 544 792 μεγάλης
566 711 717 792 φυλακῆς
739 704 796 771 καὶ
817 710 986 791 προσοχῆς
1008 701 1054 779 ὡς
1076 702 1182 787 πράγ-

158 838 245 899 ματα
281 816 474 897 θεόπεμπτα
512 811 570 878 καὶ
604 811 838 896 άχειροποίητα
873 808 930 877 καὶ
965 809 1108 894 μάλιστα
1140 809 1182 873 τὰ

159 921 327 987 παλλάδια
350 917 406 984 καί
424 919 469 997 ὡς
487 919 651 984 σύστασιν
673 916 730 984 καὶ
747 918 915 1003 διαμονὴν
932 913 990 982 καί
1012 917 1182 1001 σωτηρίαν
1274 981 1275 996 χ

160 1035 219 1111 τῆς
238 1028 367 1103 πόλεως
389 1025 501 1091 αὐτῶν
522 1025 606 1090 κατὰ
627 1027 687 1091 τὸν
709 1026 859 1110 χρησμὸν
882 1023 1000 1089 ὅντινα
1023 1021 1181 1106 ἔλαβενδ

160 1133 342 1218 Δάρδανος
368 1130 444 1217 περὶ
468 1131 579 1198 αὐτῶν
606 1132 717 1215 ὥσπερ
742 1135 945 1217 προείρηται.
990 1124 1079 1214 ἦσαν
1097 1139 1183 1212 γοῦν

160 1246 265 1304 ταῦτα
288 1237 350 1316 ἕως
371 1249 433 1305 τοῦ
451 1248 572 1323 καιροῦ
593 1247 655 1304 τοῦ
678 1237 837 1323 Πριάμου
857 1245 920 1304 τοῦ
942 1235 1106 1320 βασιλέως
1124 1243 1183 1319 τῆς

109 1361 144 1412 10
166 1348 302 1429 Τροίας,
330 1338 411 1410 καθ’
442 1343 483 1410 ὃν
512 1345 632 1430 καιρὸν
658 1338 770 1428 ἦλθον
797 1343 834 1409 οί
850 1341 1009 1426 Ἕλληνες
1037 1343 1095 1408 διὰ
1119 1343 1184 1426 τῆυ

160 1448 415 1536 προρρηθεῖσαν
449 1451 560 1516 αίτίαν
585 1457 645 1533 τῆς
667 1446 802 1533 Ἑλένης
830 1457 892 1514 τοῦ
918 1449 1101 1515 Μενελάου
1127 1447 1184 1514 καὶ
1275 1457 1276 1478 ¹

122 1567 177 1615 σθ’·
197 1569 251 1632 περὶ
272 1569 314 1626 τῆς
345 1553 530 1640 ἐπολέμουν
562 1556 643 1640 μετά
672 1567 739 1621 τῶν
767 1555 901 1641 Τρώων.
945 1564 992 1646 τῷ
1017 1553 1056 1621 δὲ
1078 1563 1184 1643 καιρῷ

109 1641 197 1697 ’ἀπῆς
209 1641 328 1769 '⁰⁵3⁷'ss
350 1661 466 1752 ἐκείνῳ
489 1662 534 1740 ως
551 1661 764 1746 ἠγανάκτουν
787 1663 823 1727 οί
834 1659 995 1746 Ἕλληνες
1011 1659 1069 1727 καὶ
1088 1662 1186 1728 έδυσ·

112 1713 124 1755 χ
225 1709 233 1728 ‚

109 1710 259 1844 ἆάἀδοάόλέάι
284 1723 329 1829 δοῦ
351 1768 523 1856 χέραινον,
560 1769 611 1834 ὅτι
648 1777 796 1834 τοιοῦτοι
833 1769 954 1853 ἀνδρες
990 1768 1099 1854 ἥρωες
1127 1767 1185 1834 καὶ

113 1855 179 1940 Im?
191 1851 326 1977 Zbff'
348 1877 493 1960 τοσαύτη
522 1876 665 1959 δύναμις
692 1874 784 1940 ὠσάν
811 1875 873 1958 τῆν
896 1872 1076 1958 ἑλληνικῆυ
1102 1877 1187 1941 κάθ-
1276 1891 1277 1936 ι

203 1993 281 2048 τινος.
348 2005 424 2068 ηται
446 1984 589 2067 χρόνους
610 1979 688 2046 δέκα
710 1979 767 2046 καὶ
787 1977 889 2046 οὐδέν
913 1980 1078 2046 δύνανται
1105 2001 1186 2069 πορ

89 2113 91 2120 ·
165 2094 272 2172 θῆσαι
299 2089 361 2173 τῆν
390 2089 490 2152 πόλιν
518 2088 643 2170 ταύτην
670 2095 729 2171 τῆς
762 2087 920 2173 Τρωάδος
946 2085 1003 2152 καὶ
1030 2092 1187 2172 συλλοχι-

168 2196 300 2277 ζόμενοι
318 2195 379 2278 τῆν
403 2194 512 2258 αἰτίαν
536 2191 604 2277 μετ’
632 2192 785 2276 ἀλλῆλων
804 2193 885 2277 -ῆ
907 2191 1003 2259 αὐτοὶ
1021 2193 1188 2279 ἐνεθυμή-

167 2304 280 2383 θησαν
311 2299 333 2384 ῆ
359 2323 410 2377 τις
438 2298 501 2365 ἀπὸ
533 2309 601 2365 τῶν
615 2385 618 2392 1
632 2300 756 2384 Τρώων
786 2336 824 2348 -
854 2295 946 2384 εἶχον
973 2300 1037 2385 γάρ
1067 2304 1189 2384 φίλους

113 2420 150 2471 νο
170 2404 264 2483 έντὸς
294 2414 353 2491 τῆς
382 2409 504 2492 Τροίας
533 2406 569 2472 οί
584 2404 743 2490 Ἕλληνες
773 2443 814 2454 -
848 2401 918 2472 εἶπε
949 2407 1033 2491 πρὸς
1066 2407 1190 2485 αὐτοὺς

168 2512 229 2576 τὸν
260 2515 411 2602 χρησμὸν
436 2522 498 2579 τοῦ
527 2513 711 2598 Δαρδάνου
743 2510 798 2577 καὶ
829 2513 890 2596 τῆν
921 2511 1089 2578 ὑπόδεσιν
1121 2525 1190 2580 τῶν

166 2622 263 2683 θεῶν
291 2618 346 2684 καί
373 2630 441 2685 τῶν
468 2621 663 2684 παλλαδίων
689 2616 744 2684 καὶ
772 2618 824 2684 ὅτι
852 2617 915 2696 ἕως
946 2617 988 2684 ἀν
1015 2619 1190 2705 ὑπάρχωσι

171 2731 279 2789 ταῦτα
297 2728 345 2803 είς
361 2726 423 2810 τῆν
446 2726 598 2811 Τρωάδα,
616 2724 637 2808 ἡ
656 2727 751 2802 πόλις
769 2723 879 2810 μέλλει
902 2719 990 2791 εἶναι
1008 2725 1191 2811 ἀκράτητος

168 2827 227 2895 καὶ
259 2828 450 2918 ἀπόρθητος
487 2833 569 2896 κατὰ
600 2831 660 2896 τὸν
695 2834 844 2916 χρησμόν
876 2869 920 2878 -
949 2828 1005 2897 καὶ
1041 2837 1190 2917 συμβου-

169 2935 323 3001 λεύονται
342 2932 410 3022 μετ’
428 2936 581 3020 άλλῆλων
594 2934 650 3001 καὶ
664 2935 903 3004 ἀποστέλλουσι
923 2939 979 3004 διὰ
998 2948 1056 3022 τῆς
1070 2942 1192 3019 νυκτὸς

168 3041 229 3107 τὸν
253 3043 432 3128 Διομήδην
450 3040 507 3107 καὶ
524 3043 584 3107 τὸν
597 3039 768 3109 Ὀδυσσέα.
805 3039 899 3110 οὗτοι
920 3045 984 3130 γάρ
1003 3044 1191 3130 ἐτόλμησαν

173 3157 312 3233 ποιῆσαι
344 3148 382 3214 τὸ
415 3150 516 3234 ἔργον
549 3157 664 3231 τοῦτο,
697 3149 753 3214 ἵνα
784 3147 930 3228 κλέψωσι
960 3152 1001 3216 τά
1022 3153 1191 3218 παλλάδια

173 3254 237 3321 ἀπὸ
270 3263 329 3339 τῆς
359 3254 571 3342 ἀκροπόλεως
598 3262 656 3339 τῆς
688 3257 816 3341 Τροίας.
863 3255 984 3333 οἵτινες
1015 3258 1072 3322 διά
1099 3282 1192 3337 τινος

173 3369 324 3446 μηχανῆς
349 3358 404 3428 καὶ
431 3363 535 3428 τόπου
558 3361 756 3448 άποκρύφου
780 3361 1001 3446 ἀναβαίνουσι
1022 3365 1107 3428 κατὰ
1130 3365 1192 3449 τῆν

244 3591 277 3640 22
297 3584 459 3657 ὑπάρχωσιν
478 3586 511 3642 V.
603 3592 638 3640 28
656 3587 746 3656 τρίτας
765 3587 845 3643 codd.
