2546 4042
510 219 739 294 ..xy-

207 345 314 439 Codex
328 368 565 435 Escurialensis
580 371 653 433 X.1.
669 367 712 433 15
726 368 913 453 catalogum
928 367 1045 453 gallice
1059 387 1133 432 con-

112 476 237 541 fectum
249 474 382 540 exhibet
391 474 606 540 bibliothecae
616 471 728 539 Sirleti
738 473 922 558 cardinalis,
934 473 991 538 ubi
1001 472 1133 538 affertur

114 583 218 648 etiam
228 579 251 646 J
253 602 312 648 ean
326 578 522 663 Ganabutaa
538 602 593 645 sur
602 581 635 645 la
645 578 864 646 Samothrace.
871 577 895 664 1)
917 579 1007 655 Quae
1015 579 1134 644 biblio·

112 687 212 752 theca
234 690 310 772 post
330 685 440 752 Sirleti
459 691 596 756 mortem
615 686 650 750 in
669 684 827 751 Ottoboni
846 684 1021 751 cardinalis
1044 684 1133 749 venit

112 794 369 878 possessionem,
396 792 488 857 euius
510 792 588 857 libri
612 814 631 856 a
655 791 827 857 Benedicta
846 790 927 857 XIV
950 814 1037 876 papa
1060 811 1133 856 eum

112 898 314 965 bibliotheca
339 897 501 963 Vaticana
529 901 604 963 sunt
631 897 802 964 coniuncti.
849 895 931 964 Oum
960 900 1069 962 autem
1098 897 1134 960 in

113 1005 316 1071 bibliotheca
330 1003 551 1070 Ottoboniana
566 1008 603 1070 ut
617 1025 702 1070 nunc
715 1007 768 1077 est
780 1003 985 1071 Ganabutzes
1001 1002 1132 1069 omnino

114 1134 183 1178 non
212 1111 409 1196 inveniatur,
441 1111 494 1176 vix
522 1111 663 1177 dubitari
693 1115 815 1195 potest,
849 1111 927 1196 quin
954 1109 1133 1175 Vaticanus

113 1220 230 1284 noster
252 1217 296 1282 sit
318 1217 402 1283 liber
424 1217 480 1282 ille
504 1215 623 1283 Sirleti.
656 1216 725 1282 Nec
744 1217 908 1282 diversum
928 1217 968 1281 ab
987 1217 1044 1280 illo
1064 1237 1134 1280 esse

114 1327 198 1411 puto
217 1323 361 1390 codicem
380 1323 520 1388 auctoris
534 1323 640 1390 nostri
660 1321 904 1414 aMontlaucon
923 1322 1002 1387 bibl.
1016 1321 1131 1387 biblio-

114 1430 239 1498 thecar.
258 1427 284 1509 L
302 1429 366 1494 201
392 1430 527 1495 allatum
551 1431 605 1514 „in
628 1430 739 1514 aliqua
756 1428 959 1494 bibliotheca
977 1428 1134 1509 Romana,

118 1538 210 1602 euius
233 1557 352 1601 nomen
375 1533 520 1601 excidit“.

207 1658 321 1724 Edidit
350 1679 389 1723 ex
416 1657 480 1723 hoc
507 1658 615 1723 codiee
639 1657 799 1724 Vaticano
818 1657 969 1743 Angelus
992 1656 1098 1723 Maius
1106 1655 1134 1742 2)

116 1766 262 1851 capitula
281 1760 323 1844 ιζ’
337 1801 375 1812 -
386 1760 447 1849 κζ’,
466 1763 523 1830 ubi
543 1764 652 1848 agitur
670 1765 708 1830 de
722 1763 873 1849 Dionysii
888 1763 1136 1830 Halicarnassu-

116 1873 165 1939 eis
189 1873 258 1937 vita
281 1876 314 1937 et
332 1871 372 1936 de
391 1869 597 1936 Canabutzae
615 1871 679 1935 lide
698 1871 867 1956 catholica,
885 1873 1019 1956 propter
1039 1892 1136 1955 quam

117 1976 257 2044 summis
280 1975 430 2042 laudibus
455 1996 529 2041 eum
552 1974 645 2040 effert
667 1973 783 2041 Maius.

209 2101 240 2166 2.
270 2098 380 2166 Codex
401 2098 620 2165 bibliothecae
648 2099 798 2183 publicae
821 2099 1033 2166 Taurinensis
1057 2101 1136 2167 olim

117 2203 358 2291 00XXX1V³)‚
376 2227 461 2270 nunc
476 2205 571 2290 signo
590 2203 625 2271 G.
640 2204 680 2272 V.
697 2206 738 2271 18
757 2207 937 2273 instructus
953 2205 1024 2294 (Τ),
1044 2206 1135 2273 ehar—

117 2317 241 2397 taceus,
260 2314 296 2376 in
315 2315 441 2397 quarto,
459 2313 579 2396 saeculi
592 2310 682 2397 XVI,
696 2311 757 2378 fol·
768 2313 841 2398 129,
865 2334 1000 2398 quorum
1023 2313 1136 2398 priore

118 2420 291 2504 sexaginte
319 2419 381 2484 duo
419 2419 575 2484 exhibent
603 2416 811 2484 Canabutzae
842 2441 932 2503 opus.
985 2417 1137 2504 Sequitur

117 2525 314 2611 γεωγραφία
343 2522 584 2610 ’συντομωτέρα
625 2525 813 2609 νικηφόρου
850 2527 1040 2610 φιλοσόφον
1075 2532 1137 2590 τοῦ

119 2631 299 2717 βλεμίδονς
320 2627 394 2717 (sic)
413 2630 469 2696 fol.
485 2631 631 2713 64-90,
662 2630 827 2695 ιιλαυὸλου
849 2632 1050 2714 πιολεμαίον
1073 2631 1150 2714 φιλ-Ι

119 2755 191 2814 osec
223 2735 381 2801 ἀπλανῶν
417 2733 566 2822 ἀστέρων
601 2733 658 2801 καὶ
695 2738 873 2820 συναγωγὴ
910 2735 1137 2822 ἐπισημασιῶν

119 2844 178 2909 fol.
201 2842 366 2908 91-129.
412 2841 451 2908 In
479 2842 645 2928 superiore
672 2843 797 2927 primae
824 2844 964 2929 paginae
990 2846 1137 2930 margine

119 2949 242 3014 litteris
275 2948 411 3014 cursivis
444 2971 559 3033 parum
592 2950 678 3014 clare
711 2950 966 3034 scriptumest:
1003 2948 1040 3016 ἐν
1070 2948 1138 3016 τῶν

119 3054 265 3142 ναβριὴλ
301 3063 362 3120 τοῦ
393 3055 615 3140 φιλαδελφίας
650 3063 711 3121 τοῦ
748 3053 784 3120 ἐκ
820 3057 1043 3140 μονεμβασίας
1078 3064 1139 3121 τοῦ

199 3320 226 3390 1)
241 3316 334 3372 Miller
352 3317 370 3372 1.
386 3335 408 3374 ι.
428 3336 455 3387 p.
471 3323 533 3372 aaa.

196 3409 224 3477 2)
244 3404 345 3476 Script.
364 3407 434 3462 vett.
453 3422 527 3461 nova
545 3404 675 3461 collectio
693 3407 761 3461 tom.
776 3403 810 3474 11‚
829 3424 856 3475 p.
870 3404 1097 3462 XVIII-XXIII.

196 3498 224 3566 3)
243 3493 329 3550 codd.
354 3511 417 3550 mse.
443 3493 513 3550 bibl.
541 3511 599 3565 reg.
626 3493 804 3550 Taurinensis
831 3495 924 3564 (1749)
950 3512 978 3563 p.
997 3499 1062 3563 316,
1091 3493 1140 3550 ubi

121 3567 300 3638 prooemium
318 3581 418 3636 parum
437 3564 589 3635 diligenter
606 3565 682 3636 typis
701 3579 863 3635 expressum
882 3563 995 3635 legitur.
