2558 4036
493 236 711 304 ..69-

89 394 194 460 νύκτα
218 395 266 472 είς
287 395 349 480 τήν
367 394 554 482 ἀκρόπολιν
573 394 627 463 καί
640 393 851 483 εἰσέρχονται
869 397 917 477 είς
934 405 991 483 τής
1009 398 1107 486 ἀκρο-

89 504 216 578 πόλεως
248 502 309 568 τόν
340 501 518 588 ἐνδότερον
549 506 653 570 τόπον
681 502 737 569 καὶ
766 513 827 571 τοῦ
856 511 951 570 ναοῦ.
996 502 1053 570 καὶ
1084 503 1105 589 ή

88 607 154 674 ἀπὸ
183 617 246 673 τοῦ
273 610 385 692 φόβου
411 607 468 674 καὶ
493 617 552 694 τῆς
579 612 759 695 συντομίας
785 609 806 695 ή
836 609 893 677 καὶ
915 609 977 695 οὐχ
1004 605 1106 692 εὖρον

87 715 126 780 τὸ
158 713 275 797 ἕτερον
305 715 504 796 παλλάδιον,
546 715 635 800 ὅμως
666 715 876 800 λαμβάνουσι
908 717 947 782 τὸ
982 717 1020 782 δν
1051 714 1107 782 καὶ

87 819 289 906 ἀπέρχονται
312 824 359 898 είς
385 824 445 889 τὸν
468 824 610 909 στρατὸν
638 833 707 888 τῶν
730 819 899 906 Ἑλλήνων
926 821 1027 889 πάλιν
1050 824 1106 888 διὰ

87 935 145 1011 τῆς
171 931 301 1006 νυκτός.
346 927 488 1015 ὕστερον
521 926 559 994 δὲ
589 930 791 1014 διεφήμισαν
822 938 922 996 τοῦτο
951 932 999 1007 είς
1027 931 1106 1006 τοὺς

92 1037 209 1119 Τρῶας
230 1032 286 1099 καὶ
308 1033 469 1121 ἐτάραξαν
496 1034 627 1112 αὐτούς.
673 1035 709 1100 ολ
734 1029 797 1101 οὖν
824 1035 920 1101 ἄλλοι
944 1032 1107 1119 ἱστορικοὶ

86 1139 142 1206 καὶ
175 1141 194 1206 ὁ
226 1142 475 1224 Καλλίστρατος
506 1141 598 1218 ὅστις
625 1143 749 1228 ἔγραψε
780 1142 842 1227 τήν
870 1141 1022 1228 ίστορίαν
1048 1149 1106 1226 τής

87 1244 317 1334 Σαμοθρᾴκης
348 1244 404 1312 καί
439 1245 457 1312 ό
491 1248 645 1331 Σάτυρος
675 1247 771 1326 ,ὅστις
802 1251 992 1332 συνήγαγεν
1027 1250 1106 1324 τοὺς

85 1355 221 1438 μύθους
240 1363 307 1418 τῶν
322 1350 490 1436 Ἑλλήνων
508 1354 622 1431 καθὼς
641 1359 776 1438 εἴπομεν
794 1354 985 1440 γράφουσιν
999 1353 1105 1431 οὕτως
1125 1370 1158 1420 10

85 1457 162 1546 περὶ
184 1470 254 1526 τῶν
275 1467 368 1526 θεῶν
390 1461 520 1526 τούτου
542 1458 598 1526 καὶ
624 1471 693 1527 τῶν
719 1462 923 1527 παλλαδίων.
962 1441 979 1541 ,’
998 1527 1022 1570 vt
1071 1522 1085 1569 ἀ
1115 1539 1123 1567 ι
1144 1524 1157 1568 ὃ

85 1567 104 1632 ὁ
128 1563 167 1632 δὲ
189 1569 410 1644 παλαιότατος
431 1567 569 1652 ποιητής
584 1561 752 1653 Ἀρκτῖνος
770 1567 811 1634 δν
833 1573 922 1634 είπο-
945 1538 1158 1658 ἀόιηιηςγριιφὲκα.

84 1697 147 1758 μεν
171 1674 295 1760 γράφει
318 1675 489 1759 διαφόρως
507 1675 590 1758 πρὸς
607 1677 687 1751 τοὺς
704 1675 827 1752 ἀλλους
844 1675 923 1739 ταύ-
944 1666 1076 1788 κζίξωῖἒλςῑ
1101 1667 1158 1781 ΞΖ

84 1804 147 1866 την
174 1781 239 1866 τήν
267 1777 343 1866 περὶ
374 1780 503 1846 τούτων
536 1780 694 1866 ίστορίαν.
744 1778 832 1863 λέγει
858 1781 923 1867 γὰρ
945 1806 1027 1853 zadtw
1040 1803 1087 1854 ὑπ’,
1102 1809 1158 1852 Aw-

84 1889 137 1954 ὅτι
161 1887 179 1954 ό
200 1890 284 1964 Ζεὺς
307 1888 431 1953 έδωκεν
453 1888 536 1973 πρὸς
557 1888 617 1952 τὸν
634 1888 818 1975 Δάρδανον
837 1891 918 1953 παλ·
939 1875 1159 1997 ἰδδωὲἵὲῖῗυῗ

84 1996 206 2061 λάδιον
233 1994 270 2060 ἓν
293 1993 546 2078 ἀχειροποίητον
573 1995 682 2078 ήγουν
702 1995 842 2060 είδωλον
864 2001 923 2079 τής
958 1967 1086 2069 Qum
1101 1965 1146 2066 ἱρή

80 2098 232 2185 Ἀθηνᾶς
258 2103 305 2177 εἰς’
332 2101 486 2184 φυλακήν
512 2098 568 2165 καὶ
596 2101 758 2166 σύστασιν
779 2108 838 2186 τῆς
864 2103 923 2166 πό·
960 2093 987 2140 ⁰²⁵
1009 2089 1145 2210 mm·

85 2212 170 2284 λεως
197 2215 254 2292 τής
281 2206 466 2290 Δαρδάνου
492 2206 536 2289 ήν
564 2209 706 2291 ἔκτισεν,
737 2208 818 2290 ὅπερ
841 2212 921 2273 παλ·
1085 2198 1090 2209 ’

83 2314 207 2389 λάδιον
229 2313 371 2398 ὕστερον
394 2312 551 2397 μετετέθη
581 2316 628 2391 είς
654 2315 692 2379 τὸ
711 2314 818 2380 Ἴλιον
846 2316 893 2391 είς
919 2313 981 2398 τήν
1003 2314 1103 2378 πόλιν

84 2431 156 2486 τῶν
178 2420 303 2504 Τρώων
326 2417 381 2484 καί
399 2419 525 2503 ὑπῆρχε
543 2419 771 2504 κεκρυμμένον
790 2420 837 2496 είς
854 2421 959 2485 τόπον
977 2419 1104 2502 ἀίδηλον
1122 2433 1157 2484 20

85 2524 144 2592 καὶ
167 2527 292 2610 ἄβατον
316 2525 431 2591 ὅντινα
455 2526 531 2591 οὔτε
555 2522 716 2610 έγίνωσκέ
735 2549 785 2602 τις
807 2522 873 2590 ἀπὸ
894 2536 962 2589 τῶν
980 2524 1105 2610 Τρώων

86 2634 165 2698 οὔτε
189 2633 357 2717 εἰσήρχετο
388 2630 469 2714 έκεῖ,
497 2629 569 2697 ἀλλ’
596 2631 709 2715 ἐπειδή
736 2631 775 2696 τό
797 2631 982 2696 παλλάδιον
1004 2639 1103 2696 τοῦτο

86 2740 243 2824 ἐφαίνετο
264 2739 315 2803 ότι
334 2739 493 2823 φυλάττει
510 2739 572 2821 τήν
590 2741 689 2804 πόλιν
710 2736 853 2803 ἀπὸτοῦ
871 2736 1019 2823 πολέμου
1036 2748 1104 2802 τῶν

82 2844 255 2929 Ἑλλήνων
269 2842 324 2910 καὶ
338 2839 405 2929 εἶχε
419 2847 535 2930 φήμην
549 2844 696 2930 μεγάλην
708 2846 755 2921 εἰς
767 2844 963 2929 τὸνκόσμον
972 2844 1105 2921 ὠςθεό-

85 2973 236 3037 πεμπτον
261 2949 317 3016 καί
341 2950 612 3037 ἀχειροποίητον,
631 2951 840 3036 φοβούμενοι
861 2951 896 3016 οί
916 2955 1025 3036 Τρῶες
1041 2951 1104 3036 τήν

85 3059 217 3142 κλοπήν
238 3055 293 3123 καὶ
315 3058 377 3143 τήν
393 3055 586 3141 ἐπιβουλήν,
609 3057 854 3123 κατεσκεύασαν
872 3056 1104 3142 κεκρυμμένος

86 3166 169 3252 μετὰ
182 3163 300 3248 τέχνης
314 3165 457 3248 μεγάλης
472 3163 586 3249 ἕτερον
599 3163 786 3229 παλλάδιον
800 3164 917 3248 ὅμοιον
929 3161 986 3229 καὶ
1000 3163 1104 3249 ἀπαρ-

86 3274 253 3338 άλλακτον
273 3272 355 3337 κατὰ
368 3271 476 3336 πάντα
490 3278 534 3358 τῷ
555 3269 737 3357 ἀρχετύπῳ.
764 3267 820 3334 καὶ
839 3269 901 3334 οὐκ
920 3269 1103 3354 ἐγίνωσκον

24 3375 27 3382 ’
84 3387 187 3445 τοῦτο
207 3378 238 3442 εί
254 3378 298 3462 μή
315 3379 413 3462 μόνοι
433 3376 553 3442 ἐκεῖνοι
572 3376 692 3454 οἵτινες
709 3376 953 3443 κατεσκεύασαν
972 3375 1053 3442 αὐτὸ
1071 3376 1106 3442 οί

161 3610 177 3658 5
198 3605 247 3660 τὸν
266 3607 330 3676 post
350 3603 467 3676 στρατόν
482 3604 545 3660 add.
562 3604 594 3663 V.
650 3613 665 3660 6
685 3603 864 3676 διεφήμηοαν
878 3604 940 3660 Vat.
