2546 4042
507 559 574 632 De
601 558 841 635 codicibus

254 717 333 781 Tres
362 714 567 782 Canabutaae
596 714 722 780 codices
751 718 983 781 commemorat
1009 712 1184 782 Fabricius

165 823 243 887 bibl.
263 822 376 888 Graec.
394 825 472 886 tom.
490 820 539 887 IV
556 846 587 906 p.
602 822 668 886 393
686 821 734 886 ed.
755 821 860 889 Harl:
883 819 1185 908 Vindobonensem‚

165 928 349 994 Parisinnm
378 927 483 1012 1746,
512 928 753 993 Taurinenscm.
798 926 872 993 Huc
900 927 1057 993 accedunt
1084 927 1182 994 Vati-

166 1057 264 1101 canus
289 1036 374 1101 1131
406 1040 439 1101 et
465 1037 684 1121 fragmentum
712 1034 798 1118 quod
825 1033 989 1100 invenitur
1011 1036 1045 1099 in
1069 1036 1181 1100 codice

164 1140 315 1208 Parisino
330 1141 427 1208 2503.
464 1141 514 1206 De
533 1142 709 1226 exemplari
728 1138 934 1206 Canabutnae
954 1142 1075 1206 amisso
1095 1163 1181 1207 com·

164 1248 308 1332 perimus
336 1269 353 1312 e
381 1249 490 1314 codice
513 1252 551 1314 X.
574 1267 595 1314 1.
620 1249 662 1313 16
690 1246 909 1314 bibliothecae
941 1247 1180 1314 Escurialensis

165 1355 350 1437 catalogum
374 1355 530 1420 librorum
558 1353 854 1438 manuscriptorum
882 1335 1180 1419 Graecorum'con-

164 1460 301 1544 tinente,
334 1482 413 1545 qnos
446 1460 591 1544 possedit
622 1460 680 1524 illa
711 1458 911 1525 bibliotheca
950 1463 1025 1524 ants
1057 1481 1180 1526 annum

167 1566 266 1650 1671,
290 1589 355 1652 quo
383 1589 469 1633 anno
498 1567 566 1631 eius
597 1588 673 1651 pars
700 1565 788 1630 haud
816 1565 934 1650 exigua
956 1565 1105 1631 incendio
1130 1570 1181 1631 est

165 1673 281 1738 deleta.
331 1671 512 1739 Secundum
548 1671 634 1738 hunc
675 1673 862 1757 catalogum
902 1672 1015 1756 lingua
1053 1668 1181 1738 Gallica

165 1780 383 1864 conscriptum
401 1780 436 1844 in
455 1779 565 1845 codice
582 1778 625 1844 41
646 1781 723 1844 tunc
742 1778 881 1843 flammis
901 1799 1028 1844 comeso
1047 1781 1181 1862 praeter

165 1886 230 1950 alia
261 1885 391 1950 serioris
428 1886 545 1951 aetatis
578 1884 735 1969 opuscula
765 1884 864 1949 etiam
897 1884 1068 1967 legebatur
1094 1883 1179 1949 Jean

164 1989 359 2075 Canabutza
379 2014 434 2056 sur
448 1991 630 2075 l'antiquite
649 1990 704 2055 des
719 1991 861 2076 Troyens
881 1993 914 2055 et
934 1990 989 2053 des
1009 1988 1179 2075 Romains,

159 2095 215 2162 Ἐν
237 2105 283 2185 τῷ
307 2094 383 2184 περὶ
405 2101 516 2162 Αἴνου
536 2093 593 2162 καὶ
615 2096 843 2182 Σαμοθρᾶκης
865 2095 964 2182 (sict).
972 2093 997 2181 ¹)

253 2203 301 2269 Ac
337 2223 550 2289 permagnum
587 2203 717 2287 quidem
748 2203 971 2287 catalogorum
1006 2223 1179 2267 numerum
1269 2195 1270 2226 ¹

162 2311 399 2402 perscrutatum
416 2310 541 2374 nullum
561 2307 703 2375 codicem
726 2331 777 2374 me
797 2309 948 2395 effugisse
969 2328 1072 2392 spero.
1106 2307 1179 2374 Iam

161 2436 238 2481 vero
263 2415 301 2480 de
325 2415 462 2499 singulis
487 2436 568 2500 quos
593 2415 780 2480 enumeravi
803 2415 897 2480 libris
921 2436 1066 2500 quaeque
1089 2415 1179 2480 inter

162 2543 217 2587 eos
240 2521 325 2587 ratio
348 2521 529 2587 intercedat
551 2521 721 2587 dicendum
745 2525 803 2586 est.

194 2633 197 2640 ¹
253 2647 281 2711 1.
309 2643 417 2712 Codex
444 2642 622 2711 Vaticanus
651 2644 794 2710 Graecus
823 2645 908 2710 1131
937 2641 983 2731 (V
985 2641 1059 2730 at),
1087 2645 1179 2711 char-

161 2756 283 2835 tuccuS‚
304 2752 411 2816 forma
434 2753 559 2834 octava,
582 2751 705 2816 saeculi
726 2750 815 2834 XVI,
838 2754 993 2816 constans
1015 2751 1103 2816 foliis
1125 2754 1178 2835 71,

161 2857 363 2922 inscribitur:
391 2853 451 2922 Io'
479 2858 684 2942 καναβούτζη
712 2865 773 2922 τοῦ
799 2858 982 2942 μαγίστρου
1010 2857 1092 2942 πρὸς
1115 2857 1177 2922 τὸν

162 2961 302 3028 addicto
329 2971 386 3046 τῆς
409 2969 508 3029 αἴνου
532 2960 589 3028 καὶ
607 2963 831 3048 σαμοθράκης.
870 2963 1067 3048 F01.22*,3
1089 2955 1175 3050 ἐνῷ

163 3105 205 3117 -
229 3070 283 3135 fol.
303 3070 372 3153 315
391 3072 411 3135 6
435 3069 575 3134 dcccmo
598 3070 703 3135 altera
731 3092 830 3135 manu
857 3070 982 3154 primae
1006 3068 1176 3135 simillima

164 3177 286 3261 scripta
321 3197 392 3241 csso
426 3175 585 3243 uidentur.
635 3173 788 3260 Capitum
822 3159 911 3240 tituli
945 3176 1044 3240 tertia
1076 3199 1177 3242 manu

162 3282 305 3348 eiusdem
327 3281 395 3346 fere
419 3281 537 3346 aetatis
561 3281 661 3347 minio
684 3281 826 3368 margini
851 3280 1013 3365 adscripta
1037 3287 1123 3347 sunt.

234 3511 260 3576 1)
279 3507 381 3578 Miller,
399 3509 482 3564 catal.
503 3508 551 3563 dos
571 3508 735 3565 manuscrits
753 3467 833 3579 greca¹
857 3508 892 3563 dc
911 3507 940 3564 la
961 3507 1030 3563 bibl.
1050 3509 1086 3563 do
1104 3508 1176 3563 ΓΕΒ-

161 3579 251 3634 curial
268 3596 295 3647 p.
313 3583 373 3642 335.
