2546 4042
604 227 801 291 ,4.-

194 390 231 454 τὸ
255 389 481 475 πρωτότυπον.
524 384 541 450 6
572 387 652 463 θεὸς
678 395 763 469 νοῦν
786 383 877 450 ἐστιν
906 384 1010 469 σοφὸς
1031 380 1089 448 καὶ
1113 382 1219 469 ὑπέρ-

196 511 302 578 σοφος
332 490 388 558 καὶ
421 493 477 557 διδι
508 501 566 575 τῆς
600 494 720 577 σοφίας
751 491 950 576 ἐθεμελίωσε
980 491 1039 555 τὸν
1071 492 1218 575 κόσμον,

194 600 308 678 καθὼς
331 597 418 681 λέγει
441 598 459 664 6
479 599 656 683 Σολομών,
679 598 754 681 ,βτι
778 597 795 663 6
814 599 895 675 θεὸς
916 603 955 682 τῇ
975 598 1079 682 σοφίᾳ
1099 597 1221 682 ἐθεμε-

195 709 296 772 λίωσε
318 707 378 771 τὸν
401 707 538 789 κόσμον,
557 703 714 787 ἡτοίμασε
735 700 772 768 δὲ
791 703 957 789 οὐρανοὺς
976 701 1013 767 ἐν
1032 704 1219 787 φρονήσει·

194 812 250 879 καί
282 812 301 879 6
334 813 462 895 Δαβίδ,
500 811 545 887 ώς
577 809 787 894 ἐμεμαλόνθη
820 811 860 875 τά
897 811 977 891 ἔργα
1010 825 1072 873 σου
1106 810 1221 893 κύριε·

195 920 304 984 πάντα
327 917 363 983 ἐν
387 918 491 1003 σοφίᾳ
511 916 698 1000 ἐποίησας.“
736 917 767 980 εἰ
783 909 846 981 οὖν
865 914 883 980 6
902 916 983 992 θεός
1002 914 1071 979 ἐστι
1096 921 1220 1000 σοφός,

197 1025 233 1090 οί
258 1021 296 1089 δὲ
323 1026 471 1107 βασιλείς
497 1020 553 1088 καὶ
582 1019 738 1108 ἄρχοντές
765 1023 851 1086 εἰσιν
880 1023 1005 1098 εἰκόνες
1032 1030 1094 1086 τοῦ
1118 1028 1221 1105 θεοῦ,

196 1130 392 1215 ὀφείλουσιν
415 1131 503 1213 ἔχειν
524 1126 579 1193 καὶ
597 1130 658 1213 τήν
677 1131 813 1213 σοφίαν,
837 1129 908 1211 ήτις
927 1125 1017 1192 ἐστὶν
1036 1126 1221 1214 ἀπόκομμα

195 1246 253 1320 τῆς
272 1238 392 1320 σοφίας
418 1243 479 1301 τοῦ
508 1241 594 1301 θεοῦ
617 1233 721 1300 ἐλθὸν
745 1236 791 1310 εἰς
814 1237 892 1311 τοὺς
915 1233 1135 1319 ἀνθρώπους,
1162 1236 1222 1301 ἵνα

145 1360 176 1409 10
198 1339 281 1408 ὦσιν
305 1342 415 1426 ὅμοιοι
436 1350 482 1430 τῷ
505 1342 575 1430 θεῷ
598 1339 654 1406 καί
673 1341 728 1406 ἵνα
748 1352 956 1426 συγκρατώσι
973 1337 1029 1404 καί
1048 1338 1223 1426 συνέχουσι

196 1445 252 1514 καί
276 1450 476 1532 οἰκονομῶσι
501 1445 557 1512 καὶ
587 1458 735 1531 κοσμῶσι
762 1448 819 1523 τάς
841 1450 954 1523 πόλεις
975 1442 1031 1511 καί
1053 1448 1136 1524 τοὺς
1160 1448 1222 1514 ἀν-

196 1553 357 1637 θρώπους
393 1553 518 1635 αὐτῶν,
555 1553 670 1629 καθὼς
705 1551 761 1618 καί
797 1552 815 1619 6
851 1554 932 1629 θεὸς
969 1565 1131 1638 σνντηρεῐ
1162 1555 1221 1620 καὶ

197 1657 329 1744 συνέχει
352 1656 407 1724 καὶ
431 1657 573 1742 διεξόγει
596 1659 636 1723 τδ
658 1658 766 1723 πάντα
790 1659 845 1723 διὰ
867 1667 926 1742 της
944 1659 1065 1742 σοφίας
1082 1658 1141 1724 καὶ
1161 1671 1223 1745 τῆς

198 1765 363 1842 συνέσεως
390 1766 509 1833 αὐτοῦ·
540 1767 673 1842 τούτοις
699 1766 762 1849 γὰρ
790 1763 923 1850 ἁρμόζει
951 1765 970 1848 6
999 1767 1103 1849 σοφία
1128 1769 1221 1852 παρὸ

196 1882 266 1948 τοϊς
290 1871 436 1947 ἰδιώταις
458 1870 514 1936 καί
536 1873 581 1956 μή
612 1874 747 1956 ἔχουσιν
773 1869 928 1949 ἐξουσίαν
955 1871 1030 1935 τινὰ
1056 1869 1078 1954 ἢ
1108 1871 1222 1958 ἀρχήν

197 1979 244 2053 εἰς
276 1976 486 2063 ἀνθρώπους.
532 1976 550 2042 6
587 1973 648 2060 μὲν
680 1980 743 2062 γὰρ
777 1977 913 2060 ἰδιώτης
946 1976 1008 2042 οὐκ
1039 1979 1107 2062 ἔχει
1142 1983 1222 2046 τίνα

196 2085 347 2167 κοσμήσῃ
363 2083 418 2147 διὰ
435 2092 493 2166 τῆς
512 2084 632 2168 σοφίας
650 2083 754 2148 αὐτοῦ
773 2085 804 2148 εἰ
821 2085 865 2168 μή
886 2082 1005 2149 ἑαυτὸν
1023 2081 1079 2148 καὶ
1098 2088 1221 2168 μόνον.

198 2189 234 2253 οί
254 2185 290 2252 δὲ
315 2191 462 2272 βασιλεῖς
484 2186 539 2255 καί
563 2189 725 2255 αὐθένται
752 2188 806 2255 καὶ
829 2199 892 2267 πᾶς
915 2192 1028 2275 ’ἅρχων
1052 2192 1222 2260 δύνανται

196 2303 335 2379 κοσμείν
362 2296 418 2359 διδι
446 2305 503 2379 τῆς
531 2298 652 2380 σοφίας
678 2294 734 2361 καὶ
761 2295 899 2375 ἑαυτοὺς
934 2294 989 2362 καὶ
1018 2298 1075 2373 τὰς
1104 2303 1223 2378 πόλεις

145 2419 179 2467 20
198 2400 309 2466 αὐτῶν
332 2399 487 2479 καὶτοὺς
511 2401 713 2486 ἀνθρώπους
736 2402 855 2486 αὐτῶν,
886 2402 945 2468 ἕνα
969 2402 1111 2468 ἕκαστον
1136 2410 1222 2493 πρὸς

196 2507 258 2590 τήν
271 2504 364 2584 τάξιν
382 2504 437 2571 καὶ
449 2508 511 2591 τήν
526 2508 632 2592 φύσιν
647 2508 758 2574 αὐτοῦ.
785 2511 950 2593 διαβαίνει
966 2510 1030 2594 γὰρ
1044 2509 1065 2593 6
1080 2517 1221 2597 κοσμιό-

196 2635 254 2696 της
267 2610 323 2677 καί
336 2612 356 2696 6
370 2616 561 2698 προμήθεια
579 2623 639 2679 τοῦ
658 2623 768 2697 σοφοῦ
786 2613 949 2699 βασιλέως
969 2612 1024 2680 καί
1043 2615 1220 2685 αὐθέντου

197 2717 261 2783 ἀπὸ
289 2727 350 2784 τοῦ
376 2720 510 2806 πρώτου
537 2717 592 2785 καὶ
625 2722 782 2805 μεγίστου
811 2719 905 2807 μέχρι
934 2730 994 2785 τοῦ
1021 2727 1221 2792 τελευταίου

197 2822 253 2889 καὶ
280 2823 420 2909 ἐσχάτου
448 2825 619 2908 ἀναλόγως
642 2827 689 2902 εἰς
711 2824 770 2891 ἕνα
793 2825 945 2893 ἕκαστον.
992 2829 1084 2893 ἔστιν
1108 2833 1176 2918 γὰρ
1202 2833 1221 2915 6

199 2931 302 3013 σοφόν
329 2928 384 2995 καὶ
410 2931 431 3013 6
458 2940 517 3013 τής
543 2933 664 3014 σοφόας
692 2931 799 3016 ἀγάπη
828 2943 933 3018 κτήμα
964 2931 1019 2998 καὶ
1041 2940 1224 3021 θησαυρὸς

199 3037 398 3112 οἰκειότατος
424 3034 479 3100 καὶ
507 3036 754 3121 ἁρμοδιώτατος
784 3049 855 3115 τοῖς
884 3040 1055 3123 ἄρχουσιν.
1103 3041 1223 3127 ἐπειδὴ

198 3143 261 3227 γὰρ
285 3142 366 3206 κατά
388 3142 450 3224 τήν
472 3141 578 3226 ἀρχήν
602 3145 687 3208 εἰσιν
711 3144 820 3228 ὅμοιοι
843 3153 888 3233 τῷ
911 3151 999 3232 θεῷ,
1022 3145 1224 3215 ἀκόλουθόν

199 3246 289 3314 ἐστιν
311 3245 366 3314 καὶ
393 3250 475 3313 κατὰ
501 3251 563 3334 τήν
586 3251 711 3333 σοφίαν
738 3249 940 3335 ὁμοιοῦσθαι
966 3259 1012 3341 τῷ
1041 3259 1130 3340 θεῷ,
1164 3257 1223 3320 ἵνα

271 3445 295 3496 3
315 3439 516 3510 όδσολομόν.
554 3440 569 3494 ό
592 3440 678 3514 δαβλδ
700 3440 787 3496 minio
806 3460 893 3532 marg.
913 3442 1001 3499 adscr
1021 3444 1055 3499 V.
1088 3445 1129 3500 cf.
1152 3448 1227 3502 Par-

200 3513 460 3580 oem.3,19.Ps
476 3517 526 3566 103
547 3515 631 3583 (104),
651 3517 692 3567 24.
770 3512 1007 3584 λήτίμασελβ
993 3517 1058 3582 ητα
1056 3535 1127 3585 μασε
1150 3517 1222 3575 Vat.

200 3579 229 3631 P.
249 3597 277 3648 p.
352 3587 384 3634 14
402 3581 532 3652 napch.
