2558 4036
550 222 768 287 ..68-

153 385 211 460 τάς
238 382 396 466 μυστικάς
422 377 478 446 καλ
507 378 722 466 ἀποκρύφους
748 377 804 446 καί
831 380 889 455 τάς
911 379 1035 452 θυσίας
1057 375 1174 440 αὐτῶν
1260 400 1265 411 ·

152 490 233 556 κατὰ
261 489 323 572 τῆν
350 486 443 566 τάξιν
470 484 525 552 καλ
552 486 739 571 παράδοσιν
765 496 834 552 τῶν
860 485 1037 571 προγόνων
1065 481 1174 548 αὐτοῦ
1262 516 1267 551 :

153 597 200 672 είς
230 597 268 662 τὸ
288 593 402 660 Ἴλιον.
447 590 502 660 καλ
534 591 654 678 ἐτίμων
686 590 741 658 καὶ
773 591 960 677 ἐφύλαττον
988 587 1111 665 αὐτοὺς
1139 589 1178 654 οί

156 705 268 787 Τρῶες
291 701 371 785 μετὰ
394 699 536 784 μεγάλης
559 703 710 784 φυλακῆς
731 695 787 763 καὶ
810 703 977 783 προσοχῆς
1000 694 1045 772 ὡς
1067 695 1174 780 πράγ-

152 832 238 892 ματα
276 809 467 890 θεόπεμπτα
504 803 562 871 καλ
597 804 831 890 ἀχειροποίητα
865 801 922 868 καί
957 802 1101 887 μάλιστα
1130 803 1174 866 τὰ

152 913 321 980 παλλάδια
343 909 398 979 καὶ
417 912 462 989 ὡς
481 912 644 978 σύστασιν
666 908 722 976 καὶ
741 910 907 996 διαμονὴν
925 906 981 975 καὶ
1004 910 1175 993 σωτηρίαν

153 1029 212 1104 τῆς
232 1021 360 1096 πόλεως
382 1017 494 1084 αὐτῶν
515 1019 599 1082 κατὰ
620 1020 680 1084 τὸν
702 1019 851 1103 χρησμὸν
875 1017 991 1082 ὅντινα
1014 1014 1174 1099 έλαβενδ

153 1126 335 1210 Δάρδανος
361 1122 437 1210 περὶ
460 1124 572 1190 αὐτῶν
599 1125 709 1207 ὥσπερ
734 1127 937 1210 προείρηται.
982 1117 1070 1206 ἦσαν
1089 1131 1176 1206 γοῦν

153 1241 258 1324 ταῦτα
280 1231 344 1309 ἕως
364 1242 426 1298 τοῦ
443 1241 564 1320 καιροῦ
586 1240 647 1296 τοῦ
670 1230 829 1316 Πριάμου
850 1238 912 1296 τοῦ
934 1229 1098 1314 βασιλέως
1116 1236 1176 1311 τῆς

102 1355 137 1406 10
159 1341 295 1422 Τροίας,
323 1331 404 1404 καθ’
435 1336 476 1402 δν
505 1337 624 1423 καιρὸν
650 1330 762 1419 ἦλθον
790 1336 826 1403 οί
842 1333 1001 1420 Ἓλληνες
1027 1336 1086 1401 διδ
1112 1336 1176 1418 τῆν

153 1441 408 1529 προρρηθεῖσαν
441 1467 463 1507 α
464 1444 552 1508 ίτίαν
578 1449 637 1526 τῆς
660 1438 794 1526 Ἑλένης
822 1449 884 1508 τοῦ
911 1441 1093 1508 Μενελάου
1119 1439 1177 1507 καὶ

115 1560 169 1608 w
190 1562 243 1624 περὶ
265 1563 307 1619 τῆς
338 1547 523 1633 ἐπολέμουν
553 1548 635 1633 μετά
664 1559 732 1614 τῶν
760 1547 893 1634 Τρώων.
937 1557 984 1639 τῷ
1009 1545 1046 1613 δὲ
1069 1556 1176 1636 καιρῷ

101 1635 189 1750 {²27³ss
201 1644 244 1679 ‘⁰¹'
210 1634 320 1762 ῨζχΜλ
343 1654 458 1744 ἐκείνω
480 1654 526 1732 ὡς
544 1653 756 1738 ἠγανάκτουν
779 1655 815 1718 οί
826 1652 986 1738 Ἓλληνες
1003 1653 1061 1720 καλ
1078 1653 1178 1721 έδυσ-

102 1773 181 1839 ἄκοπα
149 1772 304 1828 ντίλινςτο
306 1760 515 1847 ῦχέραινον,
552 1761 603 1826 ὅτι
640 1769 788 1826 τοιοῦτοι
825 1761 946 1844 ἀνδρες
982 1761 1090 1847 ῆρωες
1120 1759 1178 1827 καὶ

105 1848 171 1933 M?
190 1843 286 1892 ΜΗ
247 1864 294 1963 aas
296 1862 485 1952 ο’τοσαύτη
514 1867 657 1952 δύναμις
684 1866 776 1933 ὡσάν
803 1868 865 1951 τῆν
888 1864 1067 1950 ἑλληνικῆν
1094 1869 1179 1934 κάθ·

134 1932 273 2040 μισσιως.
340 1996 416 2060 ηται
438 1976 582 2060 χρόνους
602 1972 680 2038 δέκα
702 1970 758 2038 καὶ
779 1970 881 2039 οὐδὲν
905 1973 1070 2038 δύνανται
1096 1995 1178 2062 πορ

81 2109 83 2116 ·
157 2089 264 2166 δῆσαι
291 2081 353 2166 τῆν
382 2083 482 2146 πόλιν
509 2081 635 2163 ταύτην
662 2087 720 2164 τῆς
754 2080 912 2166 Τρωάδος
938 2077 995 2145 καλ
1020 2084 1179 2164 συλλογι-

159 2189 292 2271 ζόμενοι
309 2187 372 2270 τῆν
395 2187 504 2252 αἰτίαν
528 2183 596 2270 μετ’
623 2185 777 2269 ἀλλήλων
795 2185 877 2269 -ῆ
899 2183 995 2252 αιἰτολ
1013 2185 1180 2272 ένεθυμῆ-
1271 2170 1276 2181 “

158 2299 272 2378 θησαν
302 2293 324 2377 ῆ
351 2316 402 2369 τις
429 2291 493 2357 ἀπὸ
524 2302 592 2358 τῶν
606 2378 610 2384 1
623 2293 749 2377 Τρώων
778 2329 815 2340 -
846 2287 937 2377 εἶχον
964 2293 1029 2377 γὰρ
1057 2296 1180 2378 φίλους

105 2417 142 2467 20
162 2399 255 2477 έντδς
285 2407 344 2485 τῆς
374 2402 495 2486 Τροίας
524 2398 560 2465 ολ
575 2396 735 2482 Ἕλληνες
765 2435 805 2446 -
840 2393 909 2464 εἶπε
941 2400 1025 2484 πρὸς
1058 2399 1181 2478 αὐτοὺς

159 2507 221 2572 τὸν
252 2507 402 2596 χρησμὸν
428 2514 489 2571 τοῦ
517 2505 703 2590 Δαρδάνου
734 2503 790 2570 καλ
820 2507 882 2589 τῆν
912 2503 1081 2570 ὑπόδεσιν
1113 2518 1181 2573 τῶν

158 2618 254 2677 θεῶν
282 2610 338 2677 καὶ
364 2623 432 2676 τῶν
459 2612 654 2676 παλλαδίων
680 2608 736 2676 καὶ
763 2611 815 2676 ὅτι
844 2611 906 2689 ἕως
936 2610 979 2677 ἀν
1006 2611 1182 2698 ὑπάρχωσι

163 2727 270 2784 ταῦτα
288 2721 335 2796 είς
352 2719 414 2801 τῆν
436 2718 589 2803 Τρωάδα,
607 2716 628 2801 ῆ
647 2719 742 2795 πόλις
760 2717 871 2803 μέλλει
893 2712 980 2784 εἶναι
999 2717 1184 2804 ἀκράτητος
1277 2753 1278 2774 2

160 2823 218 2891 καὶ
250 2823 441 2910 ἀπόρθητος
478 2825 560 2888 κατὰ
591 2824 651 2889 τὸν
686 2827 835 2910 χρησμόν
867 2861 910 2870 -
939 2820 995 2890 καὶ
1031 2817 1183 2910 συμβου-

159 2931 314 2997 λεύονται
332 2925 402 3015 μετ’
419 2928 572 3013 ἀλλῆλων
585 2927 641 2995 καλ
655 2928 893 2996 ἀποστέλλουσι
913 2931 970 2995 διά
989 2939 1048 3015 τῆς
1061 2935 1185 3012 νυκτὸς

159 3037 220 3102 τδν
244 3037 423 3123 Διομήδην
441 3033 497 3101 καλ
514 3036 575 3101 τὸν
588 3033 759 3102 Ὀδυσσέα.
796 3032 890 3102 οὗτοι
911 3038 975 3122 γὰρ
994 3037 1184 3124 ἐτόλμησαν

164 3151 303 3228 ποιῆσαι
334 3143 373 3208 τδ
406 3144 507 3229 ἔργον
539 3151 655 3223 τοῦτο,
688 3141 744 3206 ἵνα
775 3141 921 3221 κλέψωσι
951 3145 991 3210 τὰ
1013 3146 1184 3212 παλλάδια

163 3249 227 3316 ἀπὸ
261 3257 319 3333 τῆς
350 3248 561 3336 ἀκροπόλεως
589 3256 646 3332 τῆς
679 3251 807 3335 Τροίας.
854 3249 974 3327 οἵτινες
1006 3251 1064 3317 διά
1091 3275 1186 3330 τινος

163 3362 313 3440 μηχανῆς
339 3353 395 3421 καὶ
422 3358 525 3421 τόπου
549 3354 747 3440 ἀποκρύφου
771 3354 992 3439 ἀναβαίνουσι
1013 3359 1098 3422 κατά
1122 3359 1186 3442 τῆν

235 3587 268 3634 22
288 3579 450 3652 ὑπάρχωσιν
469 3581 502 3637 V.
594 3587 628 3636 28
647 3583 737 3654 τράιας
755 3584 835 3640 codd.
