2546 4042
484 260 700 326 ..15-

78 420 279 505 ὑπάρχωσιν
315 418 574 504 συντετμημίναι
614 418 670 486 καὶ
708 422 868 506 σύντομον
904 418 1007 506 μέσον
1042 429 1101 505 τῆς

79 528 269 612 διηγήσεως
296 525 423 609 ἐκείνης
449 524 505 592 καὶ
533 527 679 611 ὀνόματα
702 531 814 593 τόπων
840 525 896 592 καὶ
919 529 1002 592 ἀλλα
1023 529 1100 592 τινά

78 635 190 720 ὡραῖα
217 631 273 698 καὶ
301 632 478 716 ἀναγκαία,
508 633 604 698 άτινα
631 635 753 721 γράφει
784 636 830 710 είς
856 635 894 699 τὸ
921 637 1100 718 προοίμιον

77 739 137 806 καὶ
160 740 222 823 τῆν
245 739 352 826 ἀρχὴν
379 748 440 805 τοῦ
466 743 600 824 βιβλίου
622 741 744 806 τούτου
768 735 865 816 οὗτος
893 739 911 806 6
936 741 1101 823 ἱστορικὸς

79 847 283 928 Διονύσιος,
316 845 423 930 ἐφάνη
451 869 508 930 μοι
540 846 682 930 εὔλογον
710 844 766 911 καὶ
796 845 1016 931 ὀφειλόμενον
1044 846 1100 911 ἵνα

79 952 201 1038 γράψω
222 954 269 1030 είς
291 952 413 1028 πλάτος
432 951 579 1017 ἐνταῦθα
597 950 652 1017 καὶ
676 952 859 1018 ἀποστείλω
877 961 917 1037 τῆ
937 952 1099 1038 αὐθευτίᾳ

78 1075 146 1125 σου
174 1056 432 1144 κεχωρισμένως,
460 1056 517 1122 καὶ
544 1057 684 1142 μάλιστα
712 1059 762 1124 ὅτι
788 1058 936 1145 ὑπῆρχεν
960 1058 1098 1141 ἀνάγκη,

78 1167 139 1232 ἵνα
167 1166 261 1250 μάθῃ
289 1164 310 1248 η
338 1164 500 1229 αὑὺεντία
529 1181 606 1248 σου,
634 1168 684 1241 τίς
711 1165 801 1231 ἐστιν
829 1164 849 1248 ῆ
880 1166 968 1230 αίτία
995 1162 1050 1229 καὶ
1077 1164 1098 1248 ἡ

79 1272 234 1356 ἀφορμή,
263 1271 320 1336 ἵνα
346 1270 560 1356 μνημονεὺση
588 1268 643 1336 καὶ
671 1271 849 1356 ένθυμηθῆ
876 1270 894 1336 6
919 1271 1099 1354 ἅνθρωπος

79 1373 182 1454 οὗτος
203 1386 262 1461 τῆς
285 1373 513 1462 Σαμοθρᾴκης
541 1376 627 1440 οὑτω
657 1387 774 1463 μικράς
800 1379 908 1461 νήσου
936 1374 991 1441 καὶ
1019 1372 1098 1441 οὐδὲ
1119 1393 1153 1440 10

78 1486 216 1569 σφόδρα
244 1483 386 1568 μεγάλης
414 1478 494 1548 οὐδὲ
521 1484 738 1567 πολυκάρπου
766 1480 845 1549 οὐδὲ
872 1491 937 1548 νῦν
960 1482 1099 1566 ἐχούσης

79 1591 216 1673 ἀγαθὴν
245 1587 324 1655 οὐδὲ
351 1590 538 1672 θάλασσαν,
567 1588 612 1666 ὡς
639 1590 738 1666 αὐτὸς
771 1585 868 1664 οὗτος
895 1586 970 1673 περὶ
998 1588 1100 1671 αὐτῆς

80 1697 216 1782 ίστορεί.
262 1697 318 1760 ἵνα
340 1702 425 1779 γοῦν
455 1692 511 1760 ἀπ’
543 1694 647 1761 αὑτοῦ
670 1705 731 1760 τοῦ
753 1691 973 1779 συγγραφέως
996 1693 1099 1777 ἀρξώ-

79 1809 182 1888 μεθα,
214 1839 252 1848 -
282 1799 337 1867 καὶ
364 1801 427 1885 γάρ
456 1800 638 1884 ἀναγκαῖον
665 1789 720 1866 καὶ
749 1801 901 1884 εὔλογον,
926 1837 971 1847 -
998 1801 1099 1866 ἀκουε

78 1919 215 1996 πρῶτον
238 1905 313 1992 περὶ
335 1907 458 1972 τούτου
480 1906 501 1991 ἡ
525 1907 686 1972 αὑθεντία
706 1923 777 1972 σου.

153 2009 259 2092 Οὗτος
273 2016 391 2079 τοίνυν
414 2012 432 2078 6
454 2014 638 2090 Διονύσιος
661 2012 679 2078 6
702 2013 764 2096 τῆν
788 2013 920 2100 ἀρχαιο-
939 2022 977 2078 ιζ’.
992 2023 1043 2087 περὶ
1057 2027 1153 2082 misna-

79 2124 202 2205 λογίαν
212 2121 432 2204 διηγούμενος
441 2115 917 2205 τῆςῬώμηςὺκαὶἎλικαρνα-
935 2094 1017 2213 {3222
1032 2097 1076 2212 22⁰,
1097 2097 1153 2226 Ξζέχ

79 2231 159 2305 σεὺς
170 2229 348 2311 λεγόμενος
357 2227 499 2311 πατρίδα
511 2228 584 2310 έσχε
596 2219 917 2309 τῆνἎλικαρνασόν·
968 2240 1008 2296 τῆς
1021 2235 1113 2288 Ἰονίας.

80 2335 138 2400 διά
147 2342 247 2398 τοῦτο
258 2330 573 2415 καὶἍλικαρνασεὺς
582 2329 719 2414 λέγεται.
734 2332 816 2414 αὑτη
827 2340 913 2413 γοῦν
922 2327 1097 2416 ῆἎλικαρ-

79 2441 185 2517 υασὸς
198 2439 324 2525 ὑπῆρχε
338 2440 433 2514 πόλις
445 2438 537 2522 παρά
550 2436 726 2502 θάλασσαν
739 2447 797 2521 τῆς
808 2435 943 2512 Ἰωνίας.
966 2435 1094 2520 λέγεται
1115 2451 1150 2500 20

83 2543 121 2612 δὲ
143 2541 253 2611 Ἰωνία
281 2543 298 2609 6
326 2547 426 2620 τόπος
449 2543 526 2621 ὅλος
553 2542 617 2608 ἀπὸ
644 2551 701 2626 τῆς
724 2542 861 2627 ἐκβολῆς
888 2551 950 2608 τοῦ
969 2539 1097 2627 Ἕρμου

79 2660 233 2736 ποταμοῦ
246 2654 354 2735 ῆγουν
368 2652 453 2715 ἔνθα
472 2649 617 2734 ἐκβαίνει
636 2651 683 2725 είς
700 2649 762 2732 τῆν
775 2648 962 2730 θάλασσαν,
982 2648 1096 2712 ὅντινα

78 2756 221 2843 λέγομεν
244 2758 337 2842 ἡμεῖς
364 2757 512 2841 ποταμὸν
533 2765 595 2822 τοῦ
621 2755 883 2841 Ταρχανειώτου,
909 2752 971 2830 ἕως
994 2753 1097 2839 άκρω-

77 2868 199 2950 τηρίου
219 2862 294 2941 ἑνὸς
312 2864 392 2947 ὅπερ
413 2866 622 2950 βαρβαρικῶς
639 2860 775 2946 λέγουσι
794 2862 829 2926 οί
844 2869 964 2927 ναῦται
978 2863 1096 2947 Κριόν,

77 2976 222 3053 λογικῶς
246 2966 282 3034 δὲ
306 2968 435 3052 λέγεται
453 2971 588 3046 Κνίδος.
624 2969 661 3034 ἐν
684 2959 710 3057 ᾧ
734 2968 927 3055 ἀκρωτηρίῳ
950 2962 994 3050 ῆν
1016 2988 1096 3032 ποτε

78 3074 136 3144 καὶ
158 3077 264 3161 ἷπόλις
301 3074 527 3161 ὀνομαζομένη
559 3073 614 3140 καὶ
652 3074 734 3159 αὑτῆ
771 3076 898 3150 Κνίδος
935 3073 998 3138 άπὸ
1035 3080 1097 3137 τοῦ

79 3184 245 3268 ὀνόματος
275 3191 336 3247 τοῦ
368 3181 595 3267 ἀκρωτηρίου,
628 3182 698 3265 ῆτις
726 3183 879 3265 φαίνεται
909 3188 973 3244 νῦν
1002 3202 1097 3263 κεχαά

78 3287 238 3374 λασμένη.
284 3287 387 3373 μέσον
414 3294 499 3371 γοῦν
527 3296 587 3352 τοῦ
614 3290 718 3352 τόπου
746 3286 868 3351 τούτου
890 3293 948 3368 τῆς
970 3279 1098 3361 Ἰωνίας

78 3395 223 3481 ὑπάρχει
245 3392 301 3459 καὶ
323 3390 614 3480 ῆἎλικαρνασός,
642 3395 764 3477 ἔρημος
785 3388 841 3456 καὶ
865 3388 1095 3476 διεφθαρμένη

151 3559 169 3606 4
187 3551 289 3606 τούτου
309 3551 387 3606 deest
405 3550 438 3605 V.
482 3556 513 3603 11
534 3557 603 3619 γοῦν
621 3566 672 3619 pro
691 3555 744 3603 νῦν
761 3547 797 3602 V.
840 3553 873 3603 13
893 3547 1047 3618 ἀρχώμεθα
1061 3545 1096 3602 V.

78 3630 115 3679 20
135 3624 264 3694 ὑπῆρχεν
284 3621 316 3676 V.
427 3627 469 3676 21.
491 3616 625 3694 ἐκβουλῆς
643 3618 723 3675 codd.
