2558 4036
574 230 792 324 -358-

174 386 230 455 καὶ
257 390 298 453 τά
326 389 444 454 παιδία
471 389 571 466 ὅλους
597 391 805 474 ἔμπροσθεν,
834 390 934 468 αὐτὸς
962 387 1000 456 δέ
1023 392 1200 475 μετὰτῶν

175 506 386 579 στρατιωτῶν
417 492 473 560 καί
503 504 571 560 τῶν
602 493 694 560 ,νέων
733 495 925 580 ἀνθρώπων
963 495 1104 576 ἐξοπίσω
1139 500 1199 564 διὰ

175 602 369 687 ἀσφάλειαν.
415 601 451 666 οί
468 599 627 685 Ἕλληνες
653 610 739 685 γοῦν
766 603 810 687 μὴ
841 605 966 681 είάότες
993 605 1032 669 τὸ
1055 606 1199 688 γεγονὸς

175 710 232 774 διά
263 708 379 791 ὀλίγου
411 710 537 793 χρόνου
570 707 812 792 ἀναβαίνουσιν
847 711 895 786 είς
930 710 968 775 τὸ
1000 722 1108 795 τεῖχος
1140 709 1196 776 καὶ

174 815 367 900 εὑρίσκουσι
400 813 463 897 την
496 813 677 898 ἀκρόπολιν
709 816 835 899 ἔρημον
866 814 1075 902 ἀνθρώπων,
1107 819 1196 900 πλὴν

176 922 320 1006 ηὕρασιν
338 921 489 1005 χρήματα
506 921 613 986 πολλά
631 917 687 986 καὶ
705 921 826 986 ἔπεσον
845 923 892 999 είς
907 922 1107 1007 διαρπαγήν.
1138 921 1196 988 καὶ

173 1035 272 1091 τοῦτο
301 1024 456 1107 ἐποίησεν
489 1026 605 1091 ἀδειαν
632 1026 779 1110 μεγάλην
812 1037 884 1104 τοῖς
911 1023 987 1094 οὖσι
1020 1031 1102 1114 μετά
1132 1038 1196 1095 τοῦ

165 1135 305 1200 Αἰνείου
327 1128 383 1195 καὶ
406 1132 536 1215 ἔφυγον
558 1133 605 1208 είς
623 1134 663 1197 τά
682 1133 744 1217 ὄρη
763 1134 803 1198 τὰ
820 1132 934 1218 ὑψηλά
951 1132 1007 1200 καὶ
1027 1134 1194 1219 ἐκάθηντο

174 1240 255 1323 μετὰ
278 1237 422 1322 μεγάλης
439 1245 606 1323 προσοχῆς
623 1234 678 1303 καὶ
699 1237 935 1323 ἐσυνήχθησαν
954 1238 1012 1305 καί
1030 1240 1096 1306 ἀπὸ
1113 1243 1195 1319 τοὺς

122 1363 155 1410 10
175 1347 285 1432 κύκλῳ
317 1345 440 1420 τόπους
472 1341 541 1409 ἐκεῖ
574 1341 693 1409 πολλοὶ
729 1346 907 1430 ἀνθρωποι
942 1344 999 1412 καὶ
1036 1346 1195 1432 ἐγένοντο

124 1483 324 1596 Μηηςςςςααςα
285 1448 531 1564 αααςφοσσάτον
568 1449 693 1516 ἱκανόν.
742 1450 885 1535 ὕστερον
921 1461 1006 1535 γοῦν
1044 1455 1197 1519 ἔστειλαν

124 1553 197 1667 A?
274 1551 631 1640 Mff‘aeaonpmapzovg
645 1557 692 1633 είς
704 1558 784 1634 τοὺς
789 1555 953 1643 Ἕλληνας
968 1556 1025 1624 καὶ
1038 1561 1196 1644 ἤλθοσαν

116 1551 260 1780 ιςῖζξχαςςα
243 1567 333 1738 αςςας
272 1698 336 1810 7773,
356 1663 403 1739 είς
419 1663 652 1793 συμφωνίαν,
691 1662 747 1727 ἵνα
778 1664 864 1750 λάβῃ
896 1664 914 1730 6
947 1667 1086 1743 Αἰνείας
1113 1670 1196 1744 τοὺς

119 1762 304 1880 ΜῼΞῖ
210 1838 245 1880 7
302 1836 335 1897 ι
305 1781 417 1852 μετ
454 1768 559 1834 αὐτοῦ
581 1767 784 1854 ἀνθρώπους
806 1766 862 1834 καὶ
880 1771 920 1835 τὰ
937 1771 1115 1902 πράγματα
1137 1771 1195 1838 καί

148 1847 326 1963 76262662
358 1878 481 1960 ποιηση
518 1879 617 1940 πλοῖα
653 1877 760 1958 ἤγουν
791 1875 933 1960 καράβια
969 1875 1025 1942 καὶ
1062 1875 1193 1966 ἀπέλθη

210 1975 268 2022 ’²⁰¹⁶
359 1981 444 2045 ὅπου
471 1978 565 2046 θέλει
597 1982 725 2065 ἀφοβος
757 1979 878 2059 καὶζ
839 1981 974 2066 ἀζήμιος
1003 1983 1095 2068 παρά
1123 1995 1194 2050 τῶν

169 2084 347 2169 Ἑλλήνων.
403 2083 595 2152 ἀπέστειλεν
628 2083 665 2152 δέ
701 2085 756 2152 καὶ
794 2089 841 2164 είς
872 2089 910 2152 τὸ
943 2099 1102 2171 μαντεῖον
1136 2089 1193 2156 καὶ

172 2195 268 2276 ἔλαβε
296 2193 446 2278 χρησμὸν
469 2190 545 2276 περὶ
567 2194 700 2261 τούτου.
744 2190 800 2259 καὶ
824 2197 935 2277 ἔλεγεν
958 2194 1047 2282 αὐτῷ
1071 2195 1090 2261 6
1113 2221 1194 2283 χρη-

173 2300 270 2382 σμός,
295 2298 346 2363 ὅτι
369 2300 455 2363 ἔνθα
480 2297 574 2383 ἐξέβη
598 2299 661 2366 ἀπὸ
685 2309 753 2365 τῶν
783 2303 911 2366 πλοίων
938 2298 994 2366 καὶ
1017 2302 1073 2387 ίὸη
1098 2303 1150 2367 ὅτι
1175 2304 1193 2370 6

118 2421 153 2469 κο
173 2405 251 2482 λαὸς
277 2387 382 2470 αὐτοῦ
412 2407 539 2489 ἔφαγον
569 2406 627 2483 τάς
648 2404 807 2492 τραπέζας
829 2406 956 2491 αὐτῶν,
985 2410 1032 2486 είς
1055 2409 1116 2474 τὸν
1137 2414 1194 2476 τό-

172 2531 238 2576 πον
256 2509 386 2576 ἐκεῖνον
405 2509 625 2598 συμφέρει’
586 2519 676 2604 αυτῷ
699 2513 756 2578 ινα
778 2514 873 2598 κτίση
890 2514 989 2579 πόλιν
1007 2511 1061 2579 καὶ
1080 2538 1194 2581 κατοι-

133 2644 176 2700 αῃς
191 2645 293 2707 ςςαςαςα
294 2621 441 2704 αςκήση
466 2617 536 2684 ἐκεῖ
557 2619 657 2697 αὐτὸς
679 2616 735 2684 καί
757 2619 775 2685 6
799 2621 878 2696 λαὸς
896 2619 1008 2685 αὐτοῦ.
1055 2621 1133 2686 ἐποί
1118 2625 1193 2706 ίησε

117 2719 201 2804 A²⁶⁸3²⁰
202 2719 265 2770 ⁰⁸²⁶
286 2664 335 2764 ³¹3⁶·
357 2732 442 2806 γοῦν
479 2724 584 2801 οὕτως
619 2721 674 2789 καὶ
707 2722 783 2790 ἐποί
768 2728 841 2809 ίησε
872 2729 994 2790 στόλον
1029 2724 1086 2791 καὶ
1119 2727 1193 2793 ἐπέ-

83 2801 182 2902 “’fm
116 2857 200 2972 ηςαςα
173 2786 335 2919 ίταςηάςαῖςῒα
358 2845 460 2914 ρασεν
501 2831 548 2907 είς
588 2829 670 2942 την
687 2822 789 2894 ’ίΙταλ
788 2854 830 2895 αν
865 2827 921 2895 καὶ
957 2838 1101 2918 καταντᾷ
1144 2834 1194 2910 είς

165 2941 236 2990 Μλ
238 2925 292 2980 5²⁶
278 2927 320 2981 ⁶⁶
356 2958 377 2998 α
379 2935 510 3017 ίγιαλὸν
529 2911 670 3020 ὀνόματί
680 2937 853 3020 Λαρεντὸν
871 2935 912 3002 οὐ
930 2939 1043 3024 πολλῷ
1058 2939 1192 3022 μακρὰν

117 2997 314 3127 ‘gssnfffflm
256 2997 333 3044 αυτῶ
315 3037 420 3104 ,ἀπὸ
456 3049 524 3103 τῶν
561 3039 708 3123 ἐκβολῶν
748 3049 810 3106 τοῦ
851 3039 1002 3126 Τιβέριος
1037 3053 1192 3127 ποταμοῦ

117 3139 237 3204 Μίνω
243 3138 331 3199 “²⁶⁶⁶-
310 3146 461 3228 “6yovv
485 3147 572 3211 ἔνθα
595 3144 741 3231 ἐκβαίνει
768 3147 786 3212 6
814 3150 945 3232 Τίβερις
971 3150 1119 3278 ποταμὸς
1143 3154 1192 3229 είς

170 3251 232 3334 τὴν
259 3251 451 3334 θάλασσαν,
480 3249 571 3328 ὅστις
598 3251 665 3336 ῥέει
696 3255 841 3338 σήμερον
870 3255 917 3330 είς
943 3255 980 3319 τὸ
1004 3252 1108 3340 μέσον
1131 3268 1192 3342 τῆς

167 3354 298 3440 Ῥώμης.
344 3355 413 3423 ἐκεῖ
445 3365 531 3441 γοῦν
563 3358 610 3435 είς
645 3360 683 3425 τὸ
715 3361 889 3444 Λαρεντὸν
930 3359 1123 3441 ἐξελθόντες
1156 3365 1195 3430 οί

243 3510 293 3570 σε’.
311 3533 369 3579 ηας
386 3513 450 3569 Vat.
431 3512 617 3582 λςῆγουνΤ.
685 3521 720 3569 25
738 3512 885 3584 Λωρεντόν
904 3515 1019 3586 Dionys.
1088 3526 1122 3575 2⁷
1142 3515 1195 3576 ἐκ·

171 3583 255 3655 βαίνη
275 3583 356 3639 codd.
