2546 4042
528 173 653 272 -.IX
701 243 738 254 -.

81 351 84 355 ’
123 373 238 436 contra
279 367 540 439 Centacuzsnum
583 366 758 434 adiuverat.
815 367 867 433 Ex
903 366 960 432 illo
996 368 1142 451 tempore

125 475 295 540 Gattilusii
318 475 367 538 illi
393 495 513 540 nomen
536 472 805 560 Palaeologornm
833 474 1084 558 adsumpserunt
1106 478 1140 540 et

124 582 254 665 insigne
278 581 405 666 generis
429 578 608 646 Caesarii
598 603 632 644 1n
651 581 794 646 nummis
817 586 852 647 et
873 579 1139 664 inscriptionibus

75 727 78 730 -
105 691 306 774 gesserunt.
283 685 551 752 tFranciscus
588 686 644 751 ille
670 685 859 752 secundnm
898 683 967 752 Orit
969 685 1059 751 obuli
1094 686 1141 752 lo·

122 813 197 859 cum
220 791 307 858 infra
334 792 415 858 citat
415 813 511 857 umc
494 791 594 857 ctiam
618 793 702 857 Aeni
732 792 895 878 regnavit,
928 795 1014 857 certe
1040 791 1143 877 possi·

122 898 223 965 debat
254 899 369 964 urbem
402 899 489 964 filius
522 899 576 964 vel
613 899 803 980 [secundnm
837 894 1007 986 Hopfium]
1039 898 1141 964 frater

124 1006 193 1070 eius
217 1004 399 1070 Nicolcttus
430 1003 648 1086 [Νικολέζος].
693 1004 763 1082 Quo
787 1009 917 1070 mortuo
947 1004 1139 1071 8111181409

121 1111 278 1176 successit
305 1110 512 1196 Palamedes,
545 1115 622 1196 post
652 1112 745 1176 illum
774 1107 959 1198 Dorinus.¹)
1004 1110 1037 1176 Is
1066 1133 1140 1177 cum

121 1220 237 1284 contra
259 1220 491 1283 testamentum
514 1217 698 1283 Palamedis
722 1218 840 1302 patris,
869 1219 925 1302 qui
947 1239 1084 1284 uxorem
1107 1222 1140 1283 et

60 1362 62 1366 ·
121 1324 244 1389 liberos
274 1323 335 1388 filii
358 1320 492 1390 maioris
519 1328 600 1389 natu
623 1325 689 1388 iam
713 1324 856 1390 defuncti
884 1324 980 1391 simul
1005 1347 1079 1390 cum
1102 1345 1139 1389 co

120 1429 256 1496 heredes
283 1430 487 1516 instituerat,
515 1431 605 1495 solus
641 1431 862 1496 dominatione
889 1431 1013 1514 potitus
1046 1434 1141 1514 essct,

56 1617 59 1621 .
120 1535 302 1602 Mahometi
326 1559 411 1603 anno
427 1541 518 1603 sexto
539 1523 585 1618 [1.'
602 1535 690 1623 Sept.
712 1535 798 1602 1455
819 1573 857 1584 —
881 1539 909 1602 l.
929 1535 1017 1621 Sept.
1038 1535 1137 1616 1456]

122 1666 142 1709 a
173 1663 251 1728 rege
283 1643 389 1709 victus
422 1647 456 1707 et
488 1644 640 1727 expulsus
673 1648 730 1710 est.
777 1642 913 1709 Duobus
942 1643 1036 1707 annis
1064 1644 1140 1726 post

120 1749 327 1815 Mahometus
351 1747 420 1813 eins
448 1752 569 1815 terram
598 1749 696 1814 simul
724 1771 798 1814 cum
821 1747 944 1812 Lemno
973 1750 1007 1811 et
1030 1745 1139 1813 Thaso

121 1856 241 1922 insulis
264 1854 434 1922 Demetrio
461 1855 618 1940 dynastae
641 1853 917 1939 Peloponnesiaco
941 1850 1089 1938 dedite)

195 2119 222 2187 1)
241 2115 343 2187 Hopf
335 2134 365 2172 rn
385 2116 643 2187 „Monctabericbts
662 2118 711 2172 der
725 2116 851 2172 Berliner
868 2115 1038 2172 Academie“
1055 2115 1140 2185 phil.-

122 2189 189 2244 hiso
209 2186 249 2242 01.
267 2193 382 2259 recep
385 2160 439 2244 ”88.

195 2274 652 2346 80111011111118181188ΙΙ,11.
686 2275 779 2330 11124
803 2276 915 2345 (Mdller
942 2275 1042 2346 fragm.
1071 2273 1137 2330 hist.

122 2363 215 2418 graec.
233 2348 289 2403 vol.
304 2347 349 2418 V)
386 2348 467 2414 Quod
494 2365 564 2417 opus
593 2364 657 2401 cum
684 2364 758 2402 anno
782 2348 894 2401 demum
918 2352 988 2402 1870
1016 2347 1138 2416 primum

122 2419 232 2475 editum
251 2417 298 2486 ait,
317 2355 452 2488 compleri
466 2422 563 2488 potest
578 2435 612 2472 ex
626 2434 660 2472 eo
675 2419 794 2472 stemma
808 2417 965 2488 principum
978 2417 1050 2472 Aeni
1064 2417 1139 2486 qnod

122 2494 167 2545 est
186 2491 261 2560 apud
279 2488 539 2544 Priedlaenderum·

444 2577 636 2632 Pranciscusl
654 2575 738 2630 Lesbi
757 2577 814 2630 dux

260 2773 261 2778 ,
373 2718 532 2775 Nicolettns
551 2717 681 2860 princpps
701 2716 772 2771 Aeni
791 2722 808 2786 †
830 2722 898 2772 1409

525 2860 690 2916 Palamedes

206 2941 1059 2977 e---——--st-——«

197 2985 346 3054 X.‚frater
363 2985 462 3041 Dorini
480 2985 570 3041 maior
677 2983 799 3039 Dorinus
871 2983 1029 3041 Lnochinns
1047 2984 1122 3038 filins

320 3060 390 3111 natu
950 3057 1054 3112 nothus

122 3163 159 3218 cf.
179 3159 282 3217 Critob.
301 3162 337 3231 ΙΙ,
358 3169 391 3218 13
414 3153 498 3218 acl
479 3181 550 3232 ηκεν
574 3183 591 3233 η
618 3158 648 3229 ἐξ
672 3157 785 3218 ἐκείνου
806 3161 959 3250 (Francisei
968 3161 1000 3250 I)
1025 3163 1075 3216 τοῦ
1094 3160 1139 3232 γε’-

122 3253 191 3320 qut
215 3203 337 3304 διαδοχὴ
364 3231 394 3296 ἐς
418 3233 585 3326 τετάρτην
617 3231 653 3302 δὴ
678 3231 790 3322 ταύτην
813 3231 916 3320 γενεὰν
940 3229 1020 3320 μέχρι
1043 3235 1138 3287 Παλα-

121 3301 274 3390 paldonem
293 3305 411 3360 καὶτοῦ
430 3303 494 3361 uici>
512 3301 652 3392 Δωριέως,
670 3300 742 3374 παρ’
768 3297 808 3358 ὧν
827 3300 961 3386 ἀφείλετο
984 3301 1037 3374 τὴν
1054 3299 1138 3360 πόλιν

120 3395 230 3445 ταυτην
249 3378 282 3444 (A
284 3372 358 3465 ivea)
377 3378 489 3440 τελείως
508 3371 725 3458 ὁβασιλεύς-
692 3374 830 3432 -ltecta
843 3373 964 3431 nominis
977 3374 1069 3432 forma
1082 3392 1139 3432 non

121 3448 167 3502 cst
186 3445 314 3515 Δωριεύς
340 3451 371 3503 ut
394 3447 500 3518 legitur
522 3447 598 3517 apud
622 3444 805 3515 Critobulum‚
829 3445 878 3500 sed
902 3450 985 3500 Δω
952 3466 1044 3517 pavor,
1063 3446 1139 3517 qnod

122 3517 306 3574 confirmatur
324 3521 444 3574 nummis
462 3517 562 3574 Dorini
580 3518 673 3573 Lesbii
691 3516 787 3587 patrui
798 3486 903 3572 Dorini
921 3519 1020 3573 nostri.
1036 3489 1139 3573 Fried-

122 3589 239 3644 laendcr
262 3589 280 3643 l
300 3605 323 3646 c
343 3607 370 3658 p
389 3595 432 3645 40
475 3590 691 3660 Schlumberger
718 3589 871 3644 numismat
872 3589 937 3656 ique
965 3589 1000 3643 dc
1028 3589 1140 3643 l'orient
