2558 4036
572 234 788 298 „45-

174 391 237 462 οὖν
265 392 412 479 Ἀθάμας
443 395 487 478 μῆ
519 395 605 476 ἔχων
636 394 672 456 τί
699 401 836 476 ποιῆσαι
864 391 1020 476 ἐβούλετο
1053 394 1196 471 τούτους

176 501 331 567 ἐκδοῦναι
359 502 407 578 είς
430 500 565 584 σφαγῆν
591 497 647 563 καὶ
669 501 793 574 θυσίας
815 509 883 562 τῶν
906 505 1009 563 θεῶν.
1055 501 1139 577 θεὸς
1158 500 1197 566 δέ

174 632 225 685 τις
247 607 383 691 ἐλεήσας
404 609 484 682 τοὺς
505 606 641 687 παῖδας,
665 605 722 669 ἵνα
745 606 789 688 μῆ
813 603 1035 670 ἀποθάνωσιν
1058 605 1192 690 ἀδίκως,

174 717 304 797 ἔρχεται
327 715 374 790 είς
401 713 461 777 τὸν
487 711 613 796 Φρίξον
636 708 692 776 καὶ
716 713 879 793 διηγεῖται
907 711 997 799 αὐτῷ
1020 711 1132 778 πάντα
1154 715 1193 777 τά

173 823 334 904 γεγονότα
364 817 421 884 καὶ
448 819 537 894 ὅπως
567 819 812 882 κινδυνεύωσιν
843 816 1032 883 ἀποθανεῖν
1061 818 1192 896 ἀδίκως.

175 926 396 1010 συμβουλεύει
408 934 502 1008 γοῦν
524 923 613 1012 αὐτῷ
637 924 694 987 ἵνα
716 923 801 1008 λάβη
829 925 891 1007 τῆν
915 923 1068 1008 ἀδελφῆν
1088 925 1193 990 αὐτοῦ

174 1030 230 1098 καὶ
248 1031 377 1116 ἀτέλθη
397 1033 445 1108 εἰς
461 1033 523 1115 τῆν
541 1033 686 1114 ποίμνην
705 1040 772 1094 τῶν
791 1031 970 1114 προβάτων
988 1039 1051 1095 τοῦ
1069 1033 1193 1115 πατρὸς

174 1139 285 1203 αὐτῶν
307 1135 364 1203 καὶ
387 1138 468 1224 εῧρη
490 1138 550 1201 τὸν
573 1138 670 1220 κριὸν
692 1137 753 1200 τὸν
779 1137 1012 1222 μεγαλώτερον
1038 1146 1100 1221 τῆς
1122 1142 1192 1202 ποί·

174 1269 259 1330 μνης
290 1243 346 1310 καὶ
376 1247 501 1329 καθίσῃ
534 1243 644 1308 ἐπάνω
671 1242 776 1307 αὐτοῦ
803 1242 903 1320 αὐτὸς
928 1241 985 1308 καὶ
1012 1242 1034 1326 ἡ
1062 1243 1191 1329 ἀδελφὴ

122 1371 155 1418 10
175 1351 288 1416 αὐτοῦ.
333 1351 466 1434 ἐποίησε
498 1359 583 1434 γοῦν
620 1350 725 1426 οὕτως
760 1347 815 1414 καὶ
852 1349 962 1434 εὑρὼν
997 1350 1060 1414 τὸν
1097 1353 1192 1435 κριὸν

174 1456 332 1522 ἐκάθισεν
356 1457 465 1522 ἐπάνω
490 1456 593 1521 αὐτοῦ
612 1456 711 1533 αὐτὸς
733 1454 789 1520 καὶ
806 1455 827 1538 ἤ
846 1455 976 1540 ἀδελφὴ
996 1456 1114 1539 αὐτοῦ,
1138 1456 1192 1522 καὶ

173 1567 359 1650 παραυτίκα
387 1563 405 1629 6
433 1564 526 1648 κριὸς
551 1563 674 1646 ὑψώθη
703 1563 750 1638 είς
776 1565 837 1628 τὸν
864 1561 946 1648 ἀέρα
974 1560 1032 1627 καὶ
1056 1562 1191 1649 διεπέρα

174 1670 238 1735 ἀπὸ
270 1681 338 1735 τῶν
369 1673 490 1754 Θηβῶν
522 1671 569 1746 είς
599 1670 661 1752 τῆν
692 1668 868 1751 ἀνατολήν.
918 1668 937 1733 6
971 1663 1034 1733 οὖν
1070 1671 1192 1755 Φρίξος

173 1776 259 1863 ἀνῆρ
283 1777 330 1842 ὢν
353 1777 501 1860 ἤδύνατο
523 1774 579 1841 καὶ
602 1774 757 1860 ἐβάσταζε
777 1776 839 1858 τῆν
857 1777 936 1858 βιάν
954 1773 1011 1840 καὶ
1032 1777 1094 1841 τὸν
1115 1778 1190 1860 δρό-

173 1908 238 1968 μον
261 1893 322 1948 τοῦ
344 1893 452 1970 κριοῦ,
474 1883 495 1966 ἤ
520 1880 556 1948 δὲ
571 1881 672 1964 Ἕλλη
697 1882 741 1958 ὡς
763 1883 849 1965 γυνὴ
868 1881 931 1947 οὐκ
949 1882 1107 1964 ἠδύνατο.
1139 1882 1192 1946 ὅτε

173 1999 259 2075 γοῦν
276 1986 361 2073 ἦλθε
380 1993 427 2068 είς
444 1992 482 2054 τὸ
502 1993 631 2071 στενόν,
650 1988 751 2054 πλέον
770 1988 832 2053 οὐκ
850 1988 997 2071 ἤδόνατο
1016 1989 1192 2071 βαστάζειν

173 2096 229 2161 καὶ
261 2097 330 2162 ἐκεῖ
355 2100 472 2162 ἔπεσεν
498 2098 546 2172 εἰς
568 2097 629 2180 τὴν
655 2096 832 2160 θάλασσαν
858 2093 914 2159 καὶ
943 2091 1046 2160 οὐδὲν
1075 2095 1192 2178 ἐφάνη.
1263 2173 1264 2176 ¹

174 2202 299 2287 ἐκλήθη
322 2214 407 2288 γοῦν
429 2204 450 2287 ἤ
469 2205 624 2269 θάλασσα
643 2203 725 2286 αὕτη
745 2201 809 2266 ἀπὸ
827 2210 889 2267 τοῦ
908 2201 1072 2285 ὀνόματος
1091 2201 1191 2284 αὐτῆς
1263 2215 1264 2226 ’

169 2306 410 2393 Ἑλλήσποντος
432 2315 539 2396 ἤγουν
561 2320 618 2395 τῆς
633 2308 753 2392 Ἕλλης
775 2308 934 2384 ὑπόντος
953 2309 1061 2391 ἤγουν
1084 2308 1105 2391 ἡ
1129 2308 1191 2372 θά-

121 2434 155 2482 20
175 2422 280 2482 λασσα
311 2418 332 2502 ἤ
360 2418 378 2484 6
406 2419 587 2502 ποντισμὸς
613 2419 721 2501 ἤγουν
752 2418 837 2480 ἔνθα
868 2417 1126 2498 κατεποντίσθη.
1172 2414 1190 2478 6

175 2518 238 2590 οὖν
268 2520 510 2609 Ἑλλήσποντος
547 2525 611 2589 ἀπὸ
643 2523 798 2607 τοιαύτης
829 2522 935 2598 αἰτίας
967 2519 1109 2604 ἐκλήθη,
1146 2521 1191 2596 ὡς

121 2643 162 2697 νζ.
188 2644 250 2696 ὅπως
264 2647 335 2706 ἐνεοί·
358 2638 610 2717 μυθολογοῦσιν
637 2631 672 2695 oc
690 2627 857 2713 Ἕλληνες.
903 2627 922 2692 6
950 2623 987 2692 δὲ
1011 2627 1191 2710 Δάρδανος

122 2713 334 2776 σθησανὸΔὰρδῶ
356 2738 412 2804 καὶ
439 2739 457 2804 6
486 2740 566 2814 λαὸς
593 2736 696 2802 αὐτοῦ
723 2735 838 2812 καθὼς
865 2739 1001 2818 εἴπομεν
1025 2732 1119 2817 ἐξέβη
1143 2735 1192 2809 είς

121 2788 393 2911 '2616‘'³’16a6²2‘.'’16
425 2844 525 2931 μέρος
555 2846 592 2909 τὸ
620 2843 817 2908 ἀνατολικὸν
848 2849 909 2905 τοῦ
932 2835 1190 2923 Ἑλλησπόντου.

175 2954 255 3038 μετὰ
277 2961 362 3036 γοῦν
385 2953 422 3017 τὸ
445 2951 594 3030 ἐξελθεῖν
615 2949 737 3025 αὐτοὺς
758 2951 945 3032 μερίζονται
968 2949 1015 3024 είς
1038 2947 1112 3029 δύο,
1135 2944 1190 3010 καὶ

175 3060 193 3126 6
212 3057 273 3144 μέν
293 3057 414 3136 Ἰδαῖος
437 3058 455 3124 6
478 3059 550 3134 υίὸς
572 3065 632 3122 τοῦ
647 3055 831 3141 Δαρδάνου
849 3054 1011 3138 λαμβάνει
1029 3053 1067 3117 τὸ
1087 3054 1190 3136 ἤμισυ
1262 3095 1263 3120 τ

173 3177 235 3233 τοῦ
258 3174 342 3233 λαοῦ
365 3164 421 3232 καὶ
443 3165 611 3249 ἀναχωρεῖ
629 3161 692 3228 ἀπὸ
711 3171 772 3228 τοῦ
791 3163 945 3244 αίγιαλοῦ
964 3161 1011 3236 είς
1028 3161 1066 3225 τὸ
1086 3158 1188 3244 μέσον
1262 3147 1263 3180 ³

174 3283 232 3358 τῆς
253 3286 314 3360 γῆς
337 3271 392 3340 καὶ
415 3273 587 3356 ἀναβαίνει
605 3272 651 3346 είς
669 3269 710 3334 τὰ
733 3269 793 3353 ὄρη
813 3268 853 3331 τὰ
871 3267 982 3349 ὑψηλὰ
1005 3274 1064 3348 τῆς
1082 3266 1190 3350 χώρας

175 3382 301 3466 ἐκείνης
332 3381 388 3447 καὶ
420 3377 609 3469 κατῴκησεν
641 3377 722 3459 ἐκεῖ,
755 3375 776 3458 ἡ
808 3374 907 3440 ὁποία
934 3374 1025 3459 χώρα
1052 3371 1141 3455 λέγει
1171 3371 1190 3434 6

249 3615 280 3664 11
302 3602 443 3675 ἐκάθησεν
462 3608 496 3662 V.
570 3611 604 3659 29
623 3603 792 3657 κατόκεισεν
811 3602 890 3657 codd.
