2546 4042
403 169 405 173 ’
505 220 541 228 -
589 192 654 247 xm
703 220 740 229 -

113 344 198 408 dulis
230 341 439 427 persuadere,
470 363 535 407 non
569 341 634 406 nisi
666 364 704 406 ex
732 363 871 424 persona
906 342 1047 408 auctoris
1076 343 1126 407 sui

112 448 267 532 loquitur.
313 445 363 513 Of.
394 470 424 532 p.
448 447 542 529 36,2
575 441 669 512 εἷπον
700 455 799 512 τοῦτο
836 445 894 513 καὶ
929 449 1024 512 ἄλλοι
1054 431 1126 530 Ιπρὸ

112 555 196 639 ἐμοῦ
223 551 387 640 χρονικοὶ·
400 550 454 618 καὶ
484 551 646 636 ἱστορικοὶ
673 551 819 637 ἕλληοες·
848 555 937 637 ὅμως
964 554 1128 637 βούλομαι

111 659 167 727 καὶ
191 660 255 745 ἐγὼ
279 661 383 725 εἰπεῖν
406 681 439 724 τι
460 657 537 747 περὶ
558 661 687 725 τούτων
711 657 755 725 δι’
778 660 1030 750 ὀλίγωνιλόγων
1054 682 1126 725 eum

113 766 208 833 Dion.
231 766 256 853 I,
280 767 321 832 61
346 771 472 852 εἴρηται
495 762 556 852 μὲν
578 764 634 831 καὶ
652 767 767 844 ἄλλοις
784 764 984 860 sceleratiore,
1008 768 1127 850 λεχθή-

115 890 208 939 σεται
231 867 268 937 δὲ
290 869 346 938 καὶ
368 874 451 958 πρὸς
474 873 555 958 ἐμοῦ
578 871 622 938 δι’
649 873 787 957 ὀλίγων,
811 871 932 938 Canab.
954 897 986 958 p.
1009 873 1061 957 62,
1084 873 1127 938 22

113 979 131 1045 ὁ
146 981 365 1057 παλαιότατος
378 979 514 1045 πάντων
531 990 599 1045 τῶν
616 990 764 1064 ποιητῶν
778 979 878 1056 ὅσους
895 979 1048 1062 γινώσκω
1063 977 1127 1061 ἐγὼ

114 1086 132 1151 ὁ
153 1081 321 1170 Ἀρκτῖνος
344 1108 416 1151 cum
440 1084 537 1152 Dion.
554 1085 579 1169 I,
598 1087 640 1152 68
666 1087 884 1162 παλαιότατος
907 1080 944 1150 dt
968 1079 1016 1150 ὧν
1034 1083 1128 1168 ἡμεῖς

115 1198 212 1276 ἴσμεν
234 1192 372 1277 ποιητὴς
391 1189 569 1277 Ἀρκτῖνος.
619 1226 621 1229 v

176 1300 253 1364 ens
268 1300 335 1363 iam
355 1319 393 1362 ex
412 1297 492 1364 locis
507 1298 603 1363 modo
622 1298 730 1362 allatis
750 1299 896 1382 intellegi
915 1301 1033 1382 potest,
1052 1319 1128 1383 quo-

115 1405 212 1470 modo
231 1405 287 1469 ille
307 1408 471 1470 auctorem
491 1425 585 1468 suum
607 1404 841 1488 interpretatus
863 1405 913 1469 sit.
950 1403 1128 1468 Rarissime

115 1512 201 1576 enim
224 1511 303 1595 ipsis
322 1510 474 1596 Dionysii
494 1511 601 1575 verbis
623 1510 734 1592 utitur,
754 1510 809 1574 sed
832 1509 865 1573 in
885 1532 978 1574 suum
1002 1509 1128 1574 dicendi

115 1637 219 1703 genus
239 1615 438 1682 transferens
446 1615 471 1702 ¹)
491 1616 623 1700 copiosa
642 1637 714 1679 eum
734 1615 969 1681 circumscribit
987 1616 1128 1700 loquaci·

113 1726 197 1808 tate,
219 1723 267 1786 ita
289 1724 325 1785 ut
349 1722 388 1787 ad
412 1725 538 1786 textum
561 1721 710 1804 Diony-sii
739 1721 966 1807 corrigendum
989 1722 1040 1785 vel
1064 1724 1128 1786 sta·

115 1827 296 1892 biliendum
313 1828 387 1894 usui
403 1849 472 1893 esse
497 1849 563 1892 non
577 1828 690 1913 possit.
734 1824 849 1910 Neque
868 1828 897 1892 si
911 1848 963 1891 res
978 1827 1074 1892 aliter
1094 1848 1128 1892 se

113 1935 260 2018 haberet,
283 1934 321 1998 ad
341 1933 403 1998 hoc
421 1933 583 1998 conferret
602 1931 786 2018 quidquam,
806 1954 879 1998 cum
898 1933 982 1997 alius
1002 1932 1128 2016 generis

114 2039 259 2107 codicem
288 2061 325 2104 ac
352 2061 438 2104 nunc
465 2038 623 2103 habemus
655 2060 721 2103 non
753 2037 902 2104 videatur
935 2038 1129 2102 adhibuisse.

115 2145 211 2222 Quod
233 2144 344 2232 colligi
366 2147 476 2229 potest
499 2166 517 2209 e
541 2148 695 2227 corrupto
719 2145 777 2210 illo
796 2142 1014 2221 ἐξυποταιέως
1031 2167 1062 2229 p.
1077 2145 1130 2228 51,

115 2253 168 2317 12.
187 2253 231 2317 20
255 2250 398 2317 exhibito
422 2251 519 2316 simul
541 2251 577 2314 in
599 2250 750 2334 Dionysii
773 2251 880 2316 codice
905 2249 1067 2316 Ohisiano.

205 2358 277 2422 Iam
309 2357 337 2422 si
372 2356 457 2442 quod
490 2357 530 2422 ad
561 2357 755 2442 Dionysium
788 2357 906 2422 attinet
933 2357 1017 2421 nihil
1054 2356 1130 2422 nori
1179 2348 1182 2354 ’

115 2464 213 2530 nobis
228 2463 446 2549 suppeditavit
462 2460 675 2547 Oanabutzes,
693 2467 804 2528 tamen
821 2464 856 2526 in
874 2463 1129 2546 digressionibus

114 2569 299 2655 historicis,
340 2569 581 2656 geographicis,
622 2570 859 2655 grammaticis,
895 2568 1129 2651 mythologicis

115 2676 223 2741 multa
248 2674 387 2760 profert,
414 2698 496 2760 quae
527 2677 643 2741 notatu
674 2697 738 2739 non
767 2677 843 2739 sunt
870 2671 1046 2760 indigna.²)
1091 2672 1131 2737 ln

116 2781 236 2865 quibus
264 2784 391 2866 partem
418 2781 506 2846 haud
535 2781 686 2867 exiguam
715 2779 846 2845 exhibet
874 2802 985 2844 earum
1012 2802 1131 2865 rerum,

116 2909 257 2972 quarum
285 2888 469 2972 cognitione
497 2888 691 2972 dignitatem
719 2909 811 2952 suam
834 2887 1057 2972 magistralem
1081 2889 1131 2951 est

116 2993 264 3078 adeptus.
309 2993 361 3058 Ita
385 2998 421 3058 ut
444 3015 677 3080 cognoscamus
701 2995 805 3078 qualis
827 2993 926 3059 fuerit
948 2996 1005 3059 illa
1024 2996 1131 3058 aetate

117 3101 257 3165 eruditio
281 3104 314 3164 et
338 3100 485 3166 doctrina
506 3100 593 3166 haud
614 3100 762 3166 videatur
784 3100 917 3165 inutilis.

192 3295 218 3358 1)
237 3311 265 3360 p.
284 3297 327 3360 59,
347 3296 382 3345 24
400 3291 493 3346 stadia
510 3290 638 3361 Dionysii
655 3290 685 3346 in
702 3290 783 3346 milia
800 3291 927 3348 mutavit.

189 3364 217 3431 2)
236 3361 339 3418 Fontes
359 3379 408 3418 scu
421 3363 592 3430 testimonis,
611 3378 683 3430 quae
701 3360 815 3431 quidem
833 3359 959 3417 invenire
977 3361 1047 3416 mihi
1066 3377 1131 3416 con-

7 3453 11 3460 ·
117 3432 225 3504 tigerit,
244 3433 350 3503 protuli
368 3432 399 3486 in
416 3433 473 3487 ind.
491 3433 512 3488 I.

521 3563 731 3571 ...-—.-·—-—-
