2542 4046
463 207 681 272 ..45-

83 364 180 449 ὣσπερ
197 372 325 452 ελπομεν
338 369 419 451 μετά
437 375 499 433 τοῦ
514 365 637 432 Ἰόαόου
656 374 717 431 τοῦ
735 366 813 432 υἱοῦ
828 366 932 432 αὐτοῦ
945 365 1000 432 καὶ
1019 375 1080 433 τοῦ

84 475 190 538 λοιποῦ
198 477 277 538 λαοῦ
287 473 388 540 αὐτοῦ
399 470 657 559 διαπεραιωθεὶς
671 474 719 550 εἰς
728 474 790 557 τὴν
800 473 966 557 ἀνατολὴν
976 471 1081 559 εἰσέρ-

84 600 162 660 χεται
175 577 262 656 έντὸς
274 588 334 646 τοῦ
349 582 512 664 στόματος
525 587 586 645 τοῦ
601 587 721 644 στενοῦ
734 577 790 644 καὶ
804 576 966 664 ἐξέρχεται
981 581 1028 656 εἰς
1042 581 1080 645 ἓν

84 681 170 766 μέρος
190 695 245 770 τῆς
265 693 325 770 γῆς
346 694 407 751 τοῦ
420 683 675 769 ἫΕλλησπόντου
706 683 834 769 λέγεται
859 682 945 759 δέ
932 730 974 768 ς
1002 715 1121 777 mm

81 784 301 873 Ελλήσποντος
322 793 343 876 ἡ
367 792 431 858 άπὸ
458 800 516 876 τῆς
540 793 686 870 Κυζίκου
713 789 809 876 μέχρι
836 798 896 856 τοῦ
917 783 1018 842 ²²²²⁰²¹
985 783 1087 830 ΜΗ)
1100 788 1135 838 ”’

85 895 158 960 κάτω
193 900 349 984 στόματος
385 906 447 964 τοῦ
483 905 606 963 στενοῦ
638 897 795 963 θάλασσα
831 857 930 963 ἀπὸ
941 928 974 973 3„
931 856 1044 979 numa}
1044 858 1134 986 wa

85 1001 223 1088 μύθουῆ
247 1004 393 1089 ἱστορίας
415 1004 588 1086 τοιαύτης
607 1001 755 1088 Ἀθάμας
773 1025 822 1081 τις
840 1006 898 1086 βα·
941 996 1041 1057 E²²²⁰²¹
1024 1009 1112 1051 ’””·)’

84 1110 181 1186 σιλεῦς
205 1120 271 1176 τῶν
301 1114 424 1194 Θηβῶν
452 1103 519 1194 εἶχε
550 1119 693 1193 γυναῖκα
722 1107 970 1194 ὀνομαζομένην
996 1107 1080 1175 Ἰνώ.

84 1211 130 1278 όιιλ
150 1217 396 1302 προστάγματος
418 1225 503 1300 γοῦν
525 1225 584 1300 τῆς
605 1222 688 1292 θεᾶς
711 1225 769 1300 τῆς
782 1213 888 1301 Ἥρας
908 1217 1026 1300 ἥντινα
1050 1217 1086 1281 οἱ

85 1323 209 1388 Λατῖνοι
236 1327 410 1408 Ζουνόνεμ
438 1327 593 1404 καλοῦσι,
622 1321 741 1406 ἀφίησι
768 1322 893 1406 ταύτην
920 1321 975 1388 καὶ
1003 1327 1083 1409 λαμ·
1103 1338 1136 1387 10

85 1425 167 1504 βάνει
192 1429 295 1514 άλλην
326 1429 466 1514 ὀνόματι
493 1425 652 1512 Νεφέλην
683 1427 739 1494 ιιαλ
771 1429 926 1514 ἐποίησεν
958 1429 994 1496 ἐκ
1025 1440 1084 1514 τῆς

87 1533 223 1619 Νεφέλης
243 1537 321 1602 υἱὸν
343 1535 403 1602 ἕνα
423 1535 561 1619 ὀνόματι
582 1534 708 1619 Φρίξον
731 1533 787 1600 καὶ
809 1535 980 1622 θυγατέρα
1003 1539 1084 1620 μίαν

85 1635 205 1724 όνόματι
219 1640 351 1726 Ἕλλην.
391 1642 492 1707 πάλιν
511 1635 574 1707 οὖν
593 1640 611 1706 ὁ
627 1636 775 1725 Ἀθάμας
788 1639 917 1726 ἐμίγετο
932 1653 1084 1726 κρυπτῶς

85 1747 152 1824 μετά
175 1757 231 1832 τῆς
253 1746 369 1826 Ἰνοῦς.
417 1749 499 1834 ὅπερ
531 1749 651 1812 ἰδοῦσα
682 1747 703 1830 ἡ
735 1745 873 1830 Νεφέλη
905 1745 962 1812 καὶ
992 1751 1084 1831 ζηλο-

85 1855 242 1936 τυπησασα
266 1858 390 1938 ἔφυγεν
412 1859 639 1920 καταλιποῦσα
661 1855 741 1930 τοὺς
768 1852 869 1936 αὐτῆς
894 1855 1015 1930 παῖδας
1038 1856 1085 1932 εἰς

85 1959 134 2022 τὸν
154 1955 244 2026 οἶκον
266 1970 327 2027 τοῦ
351 1961 475 2046 ἀνδρὸς
497 1960 599 2045 αὐτῆς
618 1956 833 2044 Ἀθάμαντος.
879 1969 977 2026 τοῦτο
1002 1961 1085 2026 ἰδὼν

87 2059 255 2152 ὁἈθάμτς
272 2069 369 2152 ἔλαβε
388 2067 489 2133 πάλιν
506 2067 568 2150 τὴν
583 2062 657 2132 Ἰνὼ
676 2077 830 2152 φανερῶς
847 2067 895 2144 εἰς
912 2069 972 2133 τὸν
991 2061 1085 2133 οἶκον

87 2167 175 2238 αὐτοῦ
196 2173 241 2251 όις
267 2183 419 2258 γυναῖκα.
465 2172 663 2256 ἐπεβούλευε
690 2181 775 2256 γοῦν
801 2173 942 2240 πάντοτε
969 2169 1085 2256 ἡἸνὼ

86 2279 151 2354 τοὺς
172 2281 358 2366 προγόνους
381 2279 484 2362 αὐτῆς
505 2281 565 2345 τὸν
590 2278 716 2364 Φρίξον
737 2277 793 2344 καὶ
810 2280 872 2363 τὴν
886 2279 1010 2364 Ἕλλην
1029 2279 1082 2345 καὶ

87 2379 173 2466 ἐζήτει
207 2388 332 2472 τρόπον
369 2385 415 2462 ὡς
451 2386 594 2470 μητρυιά
627 2393 690 2449 τοῦ
723 2391 918 2451 θανατῶσαι
955 2386 1085 2464 αὐτούς.
1105 2401 1139 2449 20

86 2491 170 2573 λιμοῦ
199 2489 236 2558 όέ
263 2490 449 2577 γευομένου
476 2493 523 2569 εἰς
550 2492 590 2558 τά
619 2487 702 2575 μέρη
737 2490 846 2555 ἐκεῖνα
876 2493 1026 2576 ἔπεμψαν
1054 2491 1089 2557 ολ

83 2589 241 2682 Ἀθηναῖοι
277 2596 432 2685 πρέσβεις
468 2599 516 2675 εἰς
546 2599 584 2664 τὸ
618 2605 776 2681 μαντεῖον
807 2595 863 2660 ἵνα
896 2596 1085 2682 ἐρωτήσωσι

85 2703 149 2790 περὶ
161 2715 220 2771 τοῦ
232 2709 334 2789 λιμοῦ
347 2703 478 2770 τούτου.
502 2703 641 2782 τούτους
659 2704 739 2780 τοὺς
756 2698 911 2787 πρέσβεις
924 2700 1087 2778 ἐλθόντας

86 2809 124 2886 εἰς
150 2813 208 2877 τὸν
239 2805 334 2877 οἶνον
364 2818 424 2876 τοῦ
453 2806 660 2894 Ἀθάμαντος
692 2809 938 2896 παρεσκεύασεν
967 2809 988 2893 ἡ
1012 2805 1086 2875 Ἰνὼ

85 2919 153 2996 μετὰ
179 2917 299 3003 όιόρωυ
325 2920 476 3000 πολλῶν,
500 2917 556 2982 ἵνα
580 2923 718 2984 εἴπωσιν
741 2915 822 2982 ὅταν
845 2913 1088 3002 ἐπιστρέψωσιν

85 3019 139 3088 άπὸ
160 3033 220 3090 τοῦ
243 3024 413 3108 μαντείου,
437 3023 488 3090 ὄτι
511 3023 570 3090 ἐάν
592 3025 636 3108 μὴ
656 3023 807 3108 σφάξωσι
824 3021 879 3089 καὶ
897 3023 1088 3088 θυσιάσωσι
1124 3041 1130 3050 ·

85 3129 125 3206 εἰς
140 3133 215 3208 τοὺς
227 3131 333 3206 θεοὺς
350 3131 429 3206 τοὺς
446 3130 568 3207 παῖδας
585 3140 646 3196 τοῦ
661 3127 867 3215 Ἀθάμαντος
885 3130 945 3194 τὸν
962 3125 1088 3213 Φρίξον

85 3233 131 3300 καὶ
163 3237 224 3320 τὴν
252 3233 377 3318 Ἕλλην
413 3233 431 3301 ό
465 3237 562 3321 λιμὸς
599 3235 640 3300 οὐ
675 3238 882 3319 παυθησεται
920 3233 984 3298 ἀπὸ
1020 3243 1089 3298 τῶν

86 3343 184 3408 τόπων
206 3341 353 3408 ἐκείνων.
400 3341 476 3408 ολδ
456 3337 776 3427 όέὺτοστρέύαντες
799 3335 894 3406 εἶπον
916 3337 1030 3416 οὕτως.
1068 3339 1086 3406 ὁ

149 3505 161 3554 1
180 3501 303 3588 εἴπωμεν
321 3495 386 3553 vat.
512 3505 528 3553 5
547 3495 562 3552 ό
580 3514 631 3566 pro
654 3496 723 3566 vsv.
851 3504 866 3551 ’λ
885 3499 1001 3569 τοιαύτη
1024 3497 1087 3554 vat.

89 3573 118 3624 20
134 3573 239 3642 μητρύιι
220 3568 322 3624 Nat.
